1765457728.6468112,0.71,1076.0
1765457728.6487617,-373.71,1076.0
1765457728.6503482,-373.71,1076.0
1765457743.6260216,0.0,0.0
1765457743.66249,-0.0,0.0
1765457743.6952715,-0.19,0.0
1765457743.7282279,-0.21,0.0
1765457743.7607667,-0.05,2.0
1765457743.794771,0.03,3.0
1765457743.826293,0.02,4.0
1765457743.8596175,-0.01,6.0
1765457743.8920941,-0.1,8.0
1765457743.9285643,-0.07,10.0
1765457743.9615438,-0.03,12.0
1765457743.9947941,0.08,14.0
1765457744.0272768,0.08,16.0
1765457744.059789,0.05,19.0
1765457744.0928512,0.08,21.0
1765457744.1253715,0.18,24.0
1765457744.1586285,0.34,27.0
1765457744.1910233,0.67,30.0
1765457744.2282515,1.14,32.0
1765457744.260394,1.6,35.0
1765457744.2931976,1.97,38.0
1765457744.326186,2.41,41.0
1765457744.3587074,2.97,44.0
1765457744.391781,3.59,47.0
1765457744.4242384,4.23,50.0
1765457744.4573805,4.88,53.0
1765457744.4939053,5.51,56.0
1765457744.5269136,6.06,59.0
1765457744.5592139,6.64,62.0
1765457744.5926313,7.24,64.0
1765457744.625164,7.81,67.0
1765457744.6579068,8.3,70.0
1765457744.69073,8.72,72.0
1765457744.7235074,9.05,76.0
1765457744.7561905,9.19,78.0
1765457744.7890081,9.21,82.0
1765457744.8217866,9.29,85.0
1765457744.8584201,9.4,88.0
1765457744.891434,9.44,91.0
1765457744.9241629,9.44,94.0
1765457744.9569843,9.44,97.0
1765457744.9896684,9.44,100.0
1765457745.0225363,9.46,103.0
1765457745.055358,9.49,106.0
1765457745.088359,9.54,109.0
1765457745.1243854,9.6,112.0
1765457745.1578887,9.62,116.0
1765457745.1903768,9.55,119.0
1765457745.2232835,9.48,122.0
1765457745.2559283,9.52,125.0
1765457745.2888055,9.55,129.0
1765457745.32158,9.55,132.0
1765457745.3545585,9.5,135.0
1765457745.3906915,9.39,138.0
1765457745.4238856,9.33,142.0
1765457745.4567285,9.34,145.0
1765457745.4895754,9.34,148.0
1765457745.5222018,9.32,152.0
1765457745.555202,9.32,155.0
1765457745.5877438,9.37,158.0
1765457745.6205714,9.4,162.0
1765457745.6572077,9.35,165.0
1765457745.6901596,9.31,168.0
1765457745.7231154,9.34,172.0
1765457745.7557232,9.37,175.0
1765457745.7884862,9.36,178.0
1765457745.820924,9.35,182.0
1765457745.8540735,9.37,185.0
1765457745.8869321,9.41,188.0
1765457745.9235766,9.39,192.0
1765457745.9564009,9.41,195.0
1765457745.989504,9.41,198.0
1765457746.0218446,9.42,201.0
1765457746.0546558,9.48,204.0
1765457746.0874734,9.5,207.0
1765457746.120228,9.58,210.0
1765457746.153253,9.65,214.0
1765457746.1857886,9.63,216.0
1765457746.222293,9.52,220.0
1765457746.2551494,9.47,222.0
1765457746.2880573,9.5,226.0
1765457746.320705,9.52,229.0
1765457746.3536708,9.53,232.0
1765457746.386153,9.5,235.0
1765457746.4192097,9.38,238.0
1765457746.4518867,9.29,240.0
1765457746.4849124,9.27,243.0
1765457746.521361,9.27,246.0
1765457746.5549638,9.26,249.0
1765457746.5871325,9.24,252.0
1765457746.6199431,9.21,255.0
1765457746.6526184,9.22,258.0
1765457746.685396,9.23,261.0
1765457746.718014,9.2,264.0
1765457746.7509286,9.17,266.0
1765457746.7837412,9.15,269.0
1765457746.8203225,9.15,272.0
1765457746.8529975,9.15,275.0
1765457746.8861403,9.17,278.0
1765457746.9191043,9.17,281.0
1765457746.9515512,9.16,284.0
1765457746.9845455,9.21,287.0
1765457747.0171847,9.25,290.0
1765457747.05006,9.26,292.0
1765457747.0826516,9.23,295.0
1765457747.1155117,9.24,298.0
1765457747.148277,9.29,301.0
1765457747.1850297,9.36,304.0
1765457747.2177122,9.38,306.0
1765457747.250659,9.4,309.0
1765457747.283201,9.44,312.0
1765457747.316328,9.43,314.0
1765457747.3491528,9.33,317.0
1765457747.381717,9.28,320.0
1765457747.4142063,9.29,322.0
1765457747.4473708,9.32,325.0
1765457747.4837472,9.33,328.0
1765457747.5169473,9.32,331.0
1765457747.5497699,9.31,334.0
1765457747.5823944,9.26,336.0
1765457747.6150284,9.22,339.0
1765457747.648378,9.21,342.0
1765457747.680648,9.22,345.0
1765457747.7134728,9.23,348.0
1765457747.746177,9.24,350.0
1765457747.7827737,9.24,354.0
1765457747.8155913,9.24,356.0
1765457747.8500426,9.27,359.0
1765457747.8812888,9.25,362.0
1765457747.9141712,9.22,365.0
1765457747.9468203,9.15,368.0
1765457747.9800057,9.07,370.0
1765457748.0123715,9.08,373.0
1765457748.0491824,9.09,376.0
1765457748.0818832,9.11,379.0
1765457748.1148922,9.07,382.0
1765457748.1476166,9.09,385.0
1765457748.1805067,9.08,388.0
1765457748.2131522,9.04,390.0
1765457748.2461936,9.03,393.0
1765457748.2786634,9.02,396.0
1765457748.3151262,9.05,399.0
1765457748.3483865,9.1,402.0
1765457748.3812747,9.17,404.0
1765457748.4139104,9.2,407.0
1765457748.4465902,9.26,410.0
1765457748.479402,9.29,412.0
1765457748.5120807,9.27,415.0
1765457748.5451903,9.2,418.0
1765457748.5776253,9.19,421.0
1765457748.6142404,9.22,424.0
1765457748.6470768,9.22,426.0
1765457748.6800272,9.23,429.0
1765457748.712815,9.24,432.0
1765457748.745616,9.22,435.0
1765457748.7783728,9.16,438.0
1765457748.811229,9.11,441.0
1765457748.8438833,9.13,444.0
1765457748.87655,9.17,447.0
1765457748.9094162,9.18,450.0
1765457748.9462905,9.14,452.0
1765457748.9790642,9.15,455.0
1765457749.0120437,9.18,458.0
1765457749.04486,9.18,461.0
1765457749.0773816,9.12,464.0
1765457749.1105776,9.07,467.0
1765457749.1429112,9.07,470.0
1765457749.1793833,9.07,473.0
1765457749.2124465,9.05,476.0
1765457749.2452583,9.05,478.0
1765457749.2780232,9.06,482.0
1765457749.3108325,9.1,484.0
1765457749.3435466,9.16,488.0
1765457749.376361,9.17,490.0
1765457749.409141,9.15,493.0
1765457749.4456222,9.12,496.0
1765457749.4787292,9.14,499.0
1765457749.5115852,9.21,502.0
1765457749.5444317,9.29,504.0
1765457749.5770652,9.3,507.0
1765457749.6099572,9.36,510.0
1765457749.6426249,9.38,513.0
1765457749.678945,9.33,516.0
1765457749.7119842,9.25,518.0
1765457749.7448986,9.24,521.0
1765457749.777568,9.25,524.0
1765457749.8103843,9.26,527.0
1765457749.843293,9.27,530.0
1765457749.8758497,9.28,532.0
1765457749.9089408,9.25,535.0
1765457749.9455178,9.19,538.0
1765457749.9782484,9.14,541.0
1765457750.0110695,9.13,544.0
1765457750.0441473,9.11,546.0
1765457750.0767457,9.1,549.0
1765457750.109541,9.06,552.0
1765457750.1422093,9.06,555.0
1765457750.175202,9.08,558.0
1765457750.2076507,9.09,561.0
1765457750.2406652,9.05,564.0
1765457750.2773304,8.98,566.0
1765457750.3100772,8.95,569.0
1765457750.3429763,8.94,572.0
1765457750.3757465,8.92,575.0
1765457750.408534,8.91,578.0
1765457750.4413242,8.92,581.0
1765457750.473813,8.96,584.0
1765457750.5069,9.01,587.0
1765457750.5394883,9.02,590.0
1765457750.5763698,9.01,593.0
1765457750.609052,8.97,596.0
1765457750.642004,8.97,598.0
1765457750.674958,9.02,601.0
1765457750.7074914,9.06,604.0
1765457750.7405944,9.07,607.0
1765457750.7731988,9.12,610.0
1765457750.8058143,9.15,612.0
1765457750.8426604,9.11,615.0
1765457750.875221,9.04,618.0
1765457750.9082963,9.04,621.0
1765457750.9409637,9.06,624.0
1765457750.9738908,9.08,626.0
