1765452339.9859924,0.0,0.0
1765452340.0178473,0.0,0.0
1765452340.0508244,0.0,0.0
1765452340.0835288,0.0,1.0
1765452340.1162312,0.0,3.0
1765452340.149016,0.0,4.0
1765452340.1867924,0.0,6.0
1765452340.2186708,0.0,8.0
1765452340.251552,0.0,11.0
1765452340.284287,0.0,13.0
1765452340.3167934,-1.0,15.0
1765452340.3497388,-1.0,18.0
1765452340.3826551,-1.0,21.0
1765452340.4153807,-1.0,24.0
1765452340.4480972,-1.0,27.0
1765452340.48471,-1.0,29.0
1765452340.517534,-2.0,32.0
1765452340.550285,-2.0,35.0
1765452340.5831845,-1.0,38.0
1765452340.6159608,-1.0,41.0
1765452340.648794,0.0,45.0
1765452340.6815722,0.0,48.0
1765452340.7143989,0.0,51.0
1765452340.7510803,0.0,54.0
1765452340.7840273,0.0,57.0
1765452340.8165739,0.0,60.0
1765452340.8499799,0.0,63.0
1765452340.8822193,0.0,67.0
1765452340.914951,0.0,70.0
1765452340.9476242,0.0,73.0
1765452340.9804869,0.0,76.0
1765452341.0173702,0.0,79.0
1765452341.049955,0.0,82.0
1765452341.0828807,0.0,85.0
1765452341.1155832,0.0,89.0
1765452341.149067,1.0,92.0
1765452341.181199,1.0,96.0
1765452341.2140272,2.0,99.0
1765452341.2467458,2.0,103.0
1765452341.2796295,3.0,106.0
1765452341.3162115,3.0,109.0
1765452341.3493917,4.0,112.0
1765452341.381763,4.0,115.0
1765452341.415083,4.0,118.0
1765452341.4472542,4.0,121.0
1765452341.4804354,4.0,125.0
1765452341.5129395,4.0,128.0
1765452341.5458574,4.0,131.0
1765452341.5786045,4.0,134.0
1765452341.6153061,4.0,137.0
1765452341.6479964,4.0,140.0
1765452341.6809373,4.0,143.0
1765452341.7136238,4.0,146.0
1765452341.7467606,4.0,149.0
1765452341.779412,4.0,153.0
1765452341.8120277,4.0,156.0
1765452341.8487353,4.0,159.0
1765452341.8822834,4.0,162.0
1765452341.9145422,4.0,165.0
1765452341.9474764,4.0,168.0
1765452341.9804018,4.0,172.0
1765452342.0133955,4.0,175.0
1765452342.0456805,4.0,178.0
1765452342.0790052,4.0,181.0
1765452342.1151357,4.0,184.0
1765452342.1513731,4.0,187.0
1765452342.180863,4.0,191.0
1765452342.2133791,4.0,194.0
1765452342.246846,4.0,197.0
1765452342.279066,4.0,200.0
1765452342.3118436,4.0,204.0
1765452342.344587,4.0,207.0
1765452342.3816066,4.0,210.0
1765452342.4143891,4.0,213.0
1765452342.44709,4.0,216.0
1765452342.4796164,4.0,219.0
1765452342.5127757,4.0,222.0
1765452342.545398,4.0,225.0
1765452342.5787923,4.0,229.0
1765452342.61071,4.0,232.0
1765452342.6471124,4.0,235.0
1765452342.6803896,4.0,238.0
1765452342.7134047,4.0,241.0
1765452342.7459483,4.0,244.0
1765452342.7810543,4.0,247.0
1765452342.811505,4.0,251.0
1765452342.844107,4.0,254.0
1765452342.8768914,4.0,257.0
1765452342.9136744,4.0,260.0
1765452342.9464924,4.0,263.0
1765452342.9792905,4.0,266.0
1765452343.012038,4.0,269.0
1765452343.0450754,4.0,273.0
1765452343.0777469,4.0,276.0
1765452343.1103544,4.0,279.0
1765452343.1432602,4.0,282.0
1765452343.1760175,4.0,285.0
1765452343.2089543,4.0,289.0
1765452343.2456653,4.0,292.0
1765452343.2784705,4.0,295.0
1765452343.3113718,5.0,299.0
1765452343.3438725,5.0,302.0
1765452343.3767405,5.0,305.0
1765452343.4094212,4.0,308.0
1765452343.4425135,4.0,311.0
1765452343.4749992,4.0,314.0
1765452343.5117831,4.0,317.0
1765452343.5446837,4.0,321.0
1765452343.5772119,4.0,324.0
1765452343.6100788,4.0,327.0
1765452343.6433794,4.0,330.0
1765452343.6756413,4.0,333.0
1765452343.7084284,4.0,337.0
1765452343.7451456,4.0,340.0
1765452343.7779126,4.0,343.0
1765452343.8108134,5.0,346.0
1765452343.8434463,5.0,349.0
1765452343.8763459,5.0,352.0
1765452343.909154,5.0,355.0
1765452343.9419098,4.0,359.0
1765452343.9748237,4.0,362.0
1765452344.011703,5.0,365.0
1765452344.0443943,5.0,368.0
1765452344.077097,5.0,371.0
1765452344.1099763,5.0,375.0
1765452344.1427293,5.0,378.0
1765452344.1756697,4.0,381.0
1765452344.2082505,5.0,384.0
1765452344.2422378,5.0,387.0
1765452344.2738357,5.0,391.0
1765452344.3106575,5.0,394.0
1765452344.3434331,5.0,397.0
1765452344.3762112,5.0,401.0
1765452344.409027,5.0,404.0
1765452344.4438715,5.0,407.0
1765452344.4744964,5.0,410.0
1765452344.506923,5.0,413.0
1765452344.539783,5.0,417.0
1765452344.5766876,5.0,420.0
1765452344.609551,5.0,423.0
1765452344.6422951,5.0,426.0
1765452344.6750116,5.0,429.0
1765452344.707659,5.0,433.0
1765452344.7404459,5.0,436.0
1765452344.7733245,5.0,439.0
1765452344.8061602,5.0,442.0
1765452344.8427973,5.0,445.0
1765452344.8756158,5.0,449.0
1765452344.9085588,5.0,452.0
1765452344.941288,5.0,455.0
1765452344.973846,5.0,458.0
1765452345.0069215,5.0,461.0
1765452345.0395348,5.0,464.0
1765452345.0727212,5.0,467.0
1765452345.105002,5.0,471.0
1765452345.1418262,5.0,474.0
1765452345.1781602,5.0,477.0
1765452345.2075224,5.0,480.0
1765452345.2423267,5.0,483.0
1765452345.273367,5.0,486.0
1765452345.3057508,5.0,490.0
1765452345.3384256,5.0,493.0
1765452345.3713248,5.0,496.0
1765452345.404162,5.0,500.0
1765452345.440632,5.0,503.0
1765452345.473719,5.0,506.0
1765452345.5064948,5.0,509.0
1765452345.539148,5.0,512.0
1765452345.5720217,5.0,515.0
1765452345.604725,5.0,519.0
1765452345.6374266,5.0,522.0
1765452345.6702464,5.0,525.0
1765452345.7030377,5.0,529.0
1765452345.7357323,5.0,532.0
1765452345.7685788,5.0,535.0
1765452345.8052485,5.0,538.0
1765452345.8382823,5.0,541.0
1765452345.871283,5.0,545.0
1765452345.903664,5.0,548.0
1765452345.936635,5.0,551.0
1765452345.9692917,5.0,554.0
1765452346.0022602,5.0,557.0
1765452346.0348692,5.0,561.0
1765452346.0803587,5.0,564.0
1765452346.1042514,5.0,567.0
1765452346.137116,5.0,571.0
1765452346.1698618,5.0,574.0
1765452346.2027047,5.0,577.0
1765452346.2355142,5.0,580.0
1765452346.272815,5.0,583.0
1765452346.3009274,5.0,587.0
1765452346.3342316,5.0,590.0
1765452346.366601,5.0,593.0
1765452346.4033263,5.0,597.0
1765452346.4362273,5.0,600.0
1765452346.4690425,5.0,603.0
1765452346.5018165,5.0,606.0
1765452346.5347753,5.0,609.0
1765452346.5672004,5.0,612.0
1765452346.5998735,5.0,615.0
1765452346.6329653,5.0,618.0
1765452346.6698039,5.0,621.0
1765452346.7023733,5.0,625.0
1765452346.735096,5.0,628.0
1765452346.768049,5.0,631.0
1765452346.800804,5.0,634.0
1765452346.8359222,5.0,637.0
1765452346.8662186,5.0,640.0
1765452346.8989336,5.0,643.0
1765452346.9317486,5.0,647.0
1765452346.9647608,5.0,650.0
1765452346.9975297,5.0,653.0
1765452347.0301216,5.0,656.0
1765452347.0668602,5.0,659.0
1765452347.1001036,5.0,662.0
1765452347.1323972,5.0,665.0
1765452347.1654944,5.0,668.0
1765452347.1984348,5.0,671.0
1765452347.2307127,5.0,675.0
1765452347.2634823,5.0,678.0
1765452347.2961895,5.0,681.0
1765452347.3329186,5.0,684.0
1765452347.3659945,5.0,687.0
1765452347.3985481,5.0,691.0
1765452347.4314365,5.0,694.0
1765452347.4641318,5.0,697.0
1765452347.49691,5.0,701.0
1765452347.5296483,5.0,703.0
1765452347.5626307,5.0,707.0
1765452347.5992067,5.0,710.0
1765452347.6324604,5.0,713.0
1765452347.6651516,5.0,716.0
1765452347.6978989,5.0,719.0
1765452347.7304213,5.0,723.0
1765452347.763138,5.0,726.0
1765452347.7964044,5.0,729.0
1765452347.82899,5.0,732.0
1765452347.8616452,5.0,735.0
1765452347.8986514,5.0,739.0
1765452347.93106,5.0,742.0
1765452347.9643877,6.0,745.0
1765452348.017775,6.0,748.0
1765452348.0294988,6.0,751.0
1765452348.0659428,6.0,754.0
1765452348.0949137,6.0,757.0
1765452348.1312773,6.0,761.0
1765452348.160616,6.0,764.0
1765452348.1933362,6.0,767.0
1765452348.2300024,6.0,771.0
1765452348.2631335,6.0,774.0
1765452348.2958634,6.0,777.0
1765452348.3282034,5.0,780.0
1765452348.3610783,6.0,783.0
1765452348.3948107,6.0,787.0
1765452348.4388282,6.0,790.0
1765452348.471388,6.0,793.0
1765452348.496187,6.0,797.0
1765452348.551295,6.0,800.0
1765452348.6061609,6.0,803.0
1765452348.6117115,6.0,806.0
1765452348.6272292,6.0,809.0
1765452348.6603289,6.0,813.0
1765452348.6931422,6.0,816.0
1765452348.7311914,6.0,819.0
1765452348.762511,6.0,822.0
1765452348.7954702,6.0,825.0
1765452348.828352,6.0,829.0
1765452348.8616498,6.0,832.0
1765452348.895148,6.0,835.0
1765452348.977935,6.0,838.0
1765452348.982243,6.0,841.0
1765452348.9963226,6.0,845.0
1765452349.0294695,6.0,848.0
1765452349.062072,6.0,851.0
1765452349.0944161,6.0,854.0
1765452349.1272233,6.0,857.0
1765452349.159814,6.0,861.0
1765452349.1926372,6.0,864.0
1765452349.225344,6.0,867.0
1765452349.2621555,6.0,870.0
1765452349.2950282,6.0,873.0
1765452349.3277721,6.0,877.0
1765452349.3605227,6.0,880.0
1765452349.393268,6.0,883.0
1765452349.4260578,6.0,886.0
1765452349.4592311,6.0,889.0
1765452349.4914799,6.0,893.0
1765452349.5244582,6.0,896.0
1765452349.5614772,6.0,899.0
1765452349.5941167,6.0,902.0
1765452349.626729,6.0,905.0
1765452349.6594934,6.0,909.0
1765452349.6923916,6.0,912.0
1765452349.7251537,6.0,915.0
1765452349.7579303,6.0,918.0
1765452349.7945657,6.0,921.0
1765452349.8276005,6.0,925.0
1765452349.86014,6.0,928.0
1765452349.8930666,6.0,931.0
1765452349.9258065,6.0,934.0
1765452349.9587402,6.0,937.0
1765452349.9912689,6.0,941.0
1765452350.024034,6.0,944.0
1765452350.0609076,6.0,947.0
1765452350.0936432,6.0,950.0
1765452350.126523,6.0,953.0
1765452350.1591702,6.0,956.0
1765452350.1920826,6.0,959.0
1765452350.2248676,6.0,962.0
1765452350.2576265,6.0,965.0
1765452350.290276,6.0,969.0
1765452350.3231528,6.0,972.0
1765452350.3598654,6.0,975.0
1765452350.3926768,6.0,978.0
1765452350.4255252,6.0,981.0
1765452350.4580486,6.0,984.0
1765452350.4912307,7.0,987.0
1765452350.523717,7.0,990.0
1765452350.5567977,7.0,993.0
1765452350.5892196,7.0,995.0
1765452350.6262197,7.0,998.0
1765452350.6589816,7.0,1000.0
1765452350.6918838,7.0,1003.0
1765452350.7245016,7.0,1005.0
1765452350.7635295,7.0,1007.0
1765452350.7901435,7.0,1009.0
1765452350.822758,7.0,1011.0
1765452350.855589,7.0,1013.0
1765452350.888414,7.0,1015.0
1765452350.9250042,7.0,1017.0
1765452350.9581718,7.0,1019.0
1765452350.9906673,7.0,1022.0
1765452351.023505,7.0,1024.0
1765452351.0565236,7.0,1025.0
1765452351.0891426,7.0,1027.0
1765452351.122077,7.0,1029.0
1765452351.1560981,7.0,1031.0
1765452351.1873386,7.0,1033.0
1765452351.2240453,7.0,1035.0
1765452351.2567728,8.0,1037.0
1765452351.2897508,8.0,1038.0
1765452351.322665,7.0,1038.0
1765452351.3552802,7.0,1038.0
1765452351.3882015,7.0,1038.0
1765452351.4212198,7.0,1038.0
1765452351.4535835,7.0,1039.0
1765452351.4863992,7.0,1039.0
1765452351.5232458,7.0,1039.0
1765452351.5559838,7.0,1040.0
1765452351.5889716,7.0,1040.0
1765452351.6217334,7.0,1040.0
1765452351.6544356,7.0,1040.0
1765452351.687199,7.0,1040.0
1765452351.7198327,7.0,1040.0
1765452351.7526057,7.0,1040.0
1765452351.7855883,7.0,1040.0
1765452351.8222034,7.0,1040.0
1765452351.8549736,7.0,1040.0
1765452351.8876202,7.0,1040.0
1765452351.9204166,7.0,1040.0
1765452351.9533024,7.0,1040.0
1765452351.9861696,7.0,1040.0
1765452352.0189638,7.0,1040.0
1765452352.0555906,7.0,1040.0
1765452352.103282,7.0,1040.0
1765452352.1212075,7.0,1040.0
1765452352.1539984,7.0,1040.0
1765452352.1868422,7.0,1040.0
1765452352.2195039,7.0,1040.0
1765452352.2522871,7.0,1040.0
1765452352.2851174,7.0,1040.0
1765452352.3179784,7.0,1040.0
1765452352.3546548,7.0,1040.0
1765452352.3876102,7.0,1040.0
1765452352.4203136,7.0,1040.0
1765452352.457051,7.0,1040.0
1765452352.4860916,7.0,1040.0
1765452352.5234098,7.0,1040.0
1765452352.55182,7.0,1040.0
1765452352.588199,7.0,1040.0
1765452352.620932,7.0,1040.0
1765452352.6544101,7.0,1040.0
1765452352.6865144,7.0,1040.0
1765452352.719331,7.0,1040.0
1765452352.7521863,7.0,1040.0
1765452352.7865396,7.0,1040.0
1765452352.8176184,7.0,1040.0
1765452352.8503325,7.0,1040.0
1765452352.8870397,7.0,1040.0
1765452352.9230082,7.0,1040.0
1765452352.9527273,7.0,1040.0
1765452352.9854867,7.0,1040.0
1765452353.018238,7.0,1040.0
1765452353.0511105,7.0,1040.0
1765452353.0837085,7.0,1040.0
1765452353.1165564,7.0,1040.0
1765452353.1533878,7.0,1040.0
1765452353.1861537,7.0,1040.0
1765452353.2221258,7.0,1040.0
1765452353.251712,7.0,1040.0
1765452353.2844458,7.0,1040.0
1765452353.3173223,7.0,1040.0
1765452353.349995,7.0,1040.0
1765452353.3827689,7.0,1040.0
1765452353.415518,7.0,1040.0
1765452353.4522974,7.0,1040.0
1765452353.4851842,7.0,1040.0
1765452353.5179076,7.0,1040.0
1765452353.5507116,7.0,1040.0
1765452353.583461,7.0,1040.0
1765452353.6162949,7.0,1040.0
1765452353.6490073,7.0,1040.0
1765452353.681784,7.0,1040.0
1765452353.7182624,7.0,1040.0
1765452353.7512681,7.0,1040.0
1765452353.7842042,7.0,1040.0
1765452353.8168933,7.0,1040.0
1765452353.8496227,7.0,1040.0
1765452353.8824222,7.0,1040.0
1765452353.9151032,7.0,1040.0
1765452353.9481184,7.0,1040.0
1765452353.9805906,7.0,1040.0
1765452354.0172315,7.0,1040.0
1765452354.0501447,7.0,1040.0
1765452354.083122,7.0,1040.0
1765452354.1159065,7.0,1040.0
1765452354.148832,7.0,1040.0
1765452354.1813545,7.0,1040.0
1765452354.214309,7.0,1040.0
1765452354.246863,7.0,1040.0
1765452354.2796896,7.0,1040.0
1765452354.3164258,7.0,1040.0
1765452354.3494873,7.0,1040.0
1765452354.382271,7.0,1040.0
1765452354.4150467,7.0,1040.0
1765452354.4476244,7.0,1040.0
1765452354.480494,7.0,1040.0
1765452354.513129,7.0,1040.0
1765452354.5459256,7.0,1040.0
1765452354.582569,7.0,1040.0
1765452354.6153698,7.0,1040.0
1765452354.649955,7.0,1040.0
1765452354.6809897,7.0,1040.0
1765452354.7137816,7.0,1040.0
1765452354.746592,7.0,1040.0
1765452354.779263,7.0,1040.0
1765452354.8120043,7.0,1040.0
1765452354.8451126,7.0,1040.0
1765452354.8775785,7.0,1040.0
1765452354.9143848,7.0,1040.0
1765452354.9474812,7.0,1040.0
1765452354.9801095,7.0,1040.0
1765452355.013596,7.0,1040.0
1765452355.045493,7.0,1040.0
1765452355.0784261,7.0,1040.0
1765452355.1109898,7.0,1040.0
1765452355.1439056,7.0,1040.0
1765452355.176586,7.0,1040.0
1765452355.2135723,7.0,1040.0
1765452355.2499766,7.0,1040.0
1765452355.279126,7.0,1040.0
1765452355.3119369,7.0,1040.0
1765452355.3446152,7.0,1040.0
1765452355.3773634,7.0,1040.0
1765452355.414064,7.0,1040.0
1765452355.4468503,7.0,1040.0
1765452355.479903,7.0,1040.0
1765452355.5124047,7.0,1040.0
1765452355.5451615,7.0,1040.0
1765452355.5781682,7.0,1040.0
1765452355.6108127,7.0,1040.0
1765452355.643601,7.0,1040.0
1765452355.676225,7.0,1040.0
1765452355.709217,7.0,1040.0
1765452355.7445092,7.0,1040.0
1765452355.77855,7.0,1040.0
1765452355.8113701,7.0,1040.0
1765452355.8442066,7.0,1040.0
1765452355.876899,7.0,1040.0
1765452355.9098663,7.0,1040.0
1765452355.9426663,7.0,1040.0
1765452355.9753625,7.0,1040.0
1765452356.0120893,7.0,1040.0
1765452356.0448632,7.0,1040.0
1765452356.0777702,7.0,1040.0
1765452356.110539,7.0,1040.0
1765452356.1433034,7.0,1040.0
1765452356.1759408,7.0,1040.0
1765452356.208857,7.0,1040.0
1765452356.2414758,7.0,1040.0
1765452356.2742965,7.0,1040.0
1765452356.3110254,7.0,1040.0
1765452356.344146,7.0,1040.0
1765452356.3768733,7.0,1040.0
1765452356.411754,7.0,1040.0
1765452356.4423482,7.0,1040.0
1765452356.4751127,7.0,1040.0
1765452356.507716,7.0,1040.0
1765452356.540623,7.0,1040.0
1765452356.5772204,7.0,1040.0
1765452356.610064,7.0,1040.0
1765452356.6429982,7.0,1040.0
1765452356.675928,7.0,1040.0
1765452356.710016,7.0,1040.0
1765452356.7413719,7.0,1040.0
1765452356.7743294,7.0,1040.0
1765452356.8067281,7.0,1040.0
1765452356.8440313,7.0,1040.0
1765452356.8763595,7.0,1040.0
1765452356.90943,7.0,1040.0
1765452356.9421713,7.0,1040.0
1765452356.974979,7.0,1040.0
1765452357.007761,7.0,1040.0
1765452357.0406575,7.0,1040.0
1765452357.0731463,7.0,1040.0
1765452357.109706,7.0,1040.0
1765452357.142619,7.0,1040.0
1765452357.1754832,7.0,1040.0
1765452357.2081115,7.0,1040.0
1765452357.2410758,7.0,1040.0
1765452357.273718,7.0,1040.0
1765452357.3064377,7.0,1040.0
1765452357.3393004,7.0,1040.0
1765452357.3721516,7.0,1040.0
1765452357.4086192,7.0,1040.0
1765452357.4420419,7.0,1040.0
1765452357.474414,7.0,1040.0
1765452357.5072923,7.0,1040.0
1765452357.5398264,7.0,1040.0
1765452357.5727513,7.0,1040.0
1765452357.6053562,7.0,1040.0
1765452357.638117,7.0,1040.0
1765452357.6709287,7.0,1040.0
1765452357.7037973,7.0,1040.0
1765452357.7404325,7.0,1040.0
1765452357.773298,7.0,1040.0
1765452357.8062124,7.0,1040.0
1765452357.838807,7.0,1040.0
1765452357.8724024,7.0,1040.0
1765452357.904365,7.0,1040.0
1765452357.937202,7.0,1040.0
1765452357.969962,7.0,1040.0
1765452358.0069702,7.0,1040.0
1765452358.0396106,7.0,1040.0
1765452358.0724633,7.0,1040.0
1765452358.107137,7.0,1040.0
1765452358.1380136,7.0,1040.0
1765452358.1705606,7.0,1040.0
1765452358.2035768,7.0,1040.0
1765452358.2361627,7.0,1040.0
1765452358.2690907,7.0,1040.0
1765452358.3058062,7.0,1040.0
1765452358.3385696,7.0,1040.0
1765452358.371259,7.0,1040.0
1765452358.404194,7.0,1040.0
1765452358.4369786,7.0,1040.0
1765452358.4697332,7.0,1040.0
1765452358.5022407,7.0,1040.0
1765452358.5390518,7.0,1040.0
1765452358.5719461,7.0,1040.0
1765452358.604873,7.0,1040.0
1765452358.6376674,7.0,1040.0
1765452358.6702688,7.0,1040.0
1765452358.7030072,7.0,1040.0
1765452358.7362642,7.0,1040.0
1765452358.772935,7.0,1040.0
1765452358.8169315,7.0,1040.0
1765452358.8382034,7.0,1040.0
1765452358.8712873,7.0,1040.0
1765452358.9037974,7.0,1040.0
1765452358.9375808,7.0,1040.0
1765452358.9694834,7.0,1040.0
1765452359.002579,7.0,1040.0
1765452359.039183,7.0,1040.0
1765452359.092015,7.0,1040.0
1765452359.1043265,7.0,1040.0
1765452359.1375067,7.0,1040.0
1765452359.169861,7.0,1040.0
1765452359.20314,7.0,1040.0
1765452359.2355494,7.0,1040.0
1765452359.2722852,7.0,1040.0
1765452359.3051183,7.0,1040.0
1765452359.3379354,7.0,1040.0
1765452359.3708405,7.0,1040.0
1765452359.4039845,7.0,1040.0
1765452359.436191,7.0,1040.0
1765452359.4690673,7.0,1040.0
1765452359.5057902,7.0,1040.0
1765452359.5386147,7.0,1040.0
1765452359.571506,7.0,1040.0
1765452359.6045206,7.0,1040.0
1765452359.6436677,7.0,1040.0
1765452359.6698334,7.0,1040.0
1765452359.704506,7.0,1040.0
1765452359.7353494,7.0,1040.0
1765452359.7679975,7.0,1040.0
1765452359.8046644,7.0,1040.0
1765452359.8378391,7.0,1040.0
1765452359.8702927,7.0,1040.0
1765452359.90527,7.0,1040.0
1765452359.9360392,7.0,1040.0
1765452359.9689162,7.0,1040.0
1765452360.0017197,7.0,1040.0
1765452360.0345917,7.0,1040.0
1765452360.0710227,7.0,1040.0
1765452360.1039784,7.0,1040.0
1765452360.1369178,7.0,1040.0
1765452360.169635,7.0,1040.0
1765452360.2025046,7.0,1040.0
1765452360.2370806,7.0,1040.0
1765452360.2678971,7.0,1040.0
1765452360.3051076,7.0,1040.0
1765452360.3373618,7.0,1040.0
1765452360.3717368,7.0,1040.0
1765452360.4031157,7.0,1040.0
1765452360.4375823,7.0,1040.0
1765452360.4685223,7.0,1040.0
1765452360.5012338,7.0,1040.0
1765452360.5687413,7.0,1040.0
1765452360.5707505,7.0,1040.0
1765452360.6036713,7.0,1040.0
1765452360.637273,7.0,1040.0
1765452360.6690316,7.0,1040.0
1765452360.7025273,7.0,1040.0
1765452360.734598,7.0,1040.0
1765452360.7675385,7.0,1040.0
1765452360.8007028,7.0,1040.0
1765452360.837243,7.0,1040.0
1765452360.8699813,7.0,1040.0
1765452360.9026556,7.0,1040.0
1765452360.9354246,7.0,1040.0
1765452360.968191,7.0,1040.0
1765452361.0010316,7.0,1040.0
1765452361.0338027,7.0,1040.0
1765452361.0664785,7.0,1040.0
1765452361.103126,7.0,1040.0
1765452361.1361296,7.0,1040.0
1765452361.1687796,7.0,1040.0
1765452361.2015479,7.0,1040.0
1765452361.2342844,7.0,1040.0
1765452361.2672384,7.0,1040.0
1765452361.3000886,7.0,1040.0
1765452361.332815,7.0,1040.0
1765452361.365551,7.0,1040.0
1765452361.398252,7.0,1040.0
1765452361.4352055,7.0,1040.0
1765452361.4679265,7.0,1040.0
1765452361.500522,7.0,1040.0
1765452361.5334373,7.0,1040.0
1765452361.572683,7.0,1040.0
1765452361.5989463,7.0,1040.0
1765452361.6317005,7.0,1040.0
1765452361.6683898,7.0,1040.0
1765452361.701205,7.0,1040.0
1765452361.7339132,7.0,1040.0
1765452361.7667878,7.0,1040.0
1765452361.7994576,7.0,1040.0
1765452361.8323367,7.0,1040.0
1765452361.8655496,7.0,1040.0
1765452361.8978848,7.0,1040.0
1765452361.935095,7.0,1040.0
1765452361.9672453,7.0,1040.0
1765452362.0001886,7.0,1040.0
1765452362.033026,7.0,1040.0
1765452362.0656934,7.0,1040.0
1765452362.0987346,7.0,1040.0
1765452362.1318135,7.0,1040.0
1765452362.1642513,7.0,1040.0
1765452362.1969416,7.0,1040.0
1765452362.2297823,7.0,1040.0
1765452362.2666128,7.0,1040.0
1765452362.2994092,7.0,1040.0
1765452362.3322115,7.0,1040.0
1765452362.3648493,7.0,1040.0
1765452362.3976798,7.0,1040.0
1765452362.4304955,7.0,1040.0
1765452362.4630666,7.0,1040.0
1765452362.4958155,7.0,1040.0
1765452362.528564,7.0,1040.0
1765452362.5653856,7.0,1040.0
1765452362.598562,7.0,1040.0
1765452362.6311617,7.0,1040.0
1765452362.6642337,7.0,1040.0
1765452362.6966667,7.0,1040.0
1765452362.7292502,7.0,1040.0
1765452362.761993,7.0,1040.0
1765452362.7950013,7.0,1040.0
1765452362.8315072,7.0,1040.0
1765452362.8650024,7.0,1040.0
1765452362.897097,7.0,1040.0
1765452362.9300342,7.0,1040.0
1765452362.962737,7.0,1040.0
1765452362.9955766,7.0,1040.0
1765452363.0282512,7.0,1040.0
1765452363.0610223,7.0,1040.0
1765452363.097085,7.0,1040.0
1765452363.1305292,7.0,1040.0
1765452363.1633124,7.0,1040.0
1765452363.1966221,7.0,1040.0
1765452363.2288852,7.0,1040.0
1765452363.261867,7.0,1040.0
1765452363.3003445,7.0,1040.0
1765452363.327373,7.0,1040.0
1765452363.3600912,7.0,1040.0
1765452363.396762,7.0,1040.0
1765452363.4297268,7.0,1040.0
1765452363.4639719,7.0,1040.0
1765452363.4952855,7.0,1040.0
1765452363.5277927,7.0,1040.0
1765452363.5610332,7.0,1040.0
1765452363.5934467,7.0,1040.0
1765452363.6323605,7.0,1040.0
1765452363.6591222,7.0,1040.0
1765452363.696825,7.0,1040.0
1765452363.7287476,7.0,1040.0
1765452363.7614787,7.0,1040.0
1765452363.7941706,7.0,1040.0
1765452363.8268683,7.0,1040.0
1765452363.8595896,7.0,1040.0
1765452363.8926127,7.0,1040.0
1765452363.9252932,7.0,1040.0
1765452363.962296,7.0,1040.0
1765452363.994734,7.0,1040.0
1765452364.0277584,7.0,1040.0
1765452364.060528,7.0,1040.0
1765452364.0935497,7.0,1040.0
1765452364.1260316,7.0,1040.0
1765452364.1588752,7.0,1040.0
1765452364.1915348,7.0,1040.0
1765452364.2284298,7.0,1040.0
1765452364.2610242,7.0,1040.0
1765452364.2940788,7.0,1040.0
1765452364.326539,7.0,1040.0
1765452364.359484,7.0,1040.0
1765452364.3921013,7.0,1040.0
