1765461992.6699324,7.14,944.0
1765461992.6716673,7.14,944.0
1765461992.6730843,7.14,944.0
1765461992.6744995,7.14,944.0
1765461992.675871,7.14,944.0
1765461992.6774733,7.14,944.0
1765461992.6790729,7.14,944.0
1765461992.6807828,7.14,944.0
1765461992.682494,7.14,944.0
1765461992.6841125,7.14,944.0
1765461992.6857972,7.14,944.0
1765461998.0972347,-0.17,0.0
1765461998.1301043,-0.17,0.0
1765461998.1628952,-0.19,0.0
1765461998.1958077,-0.27,0.0
1765461998.2285888,-0.26,2.0
1765461998.2613423,-0.25,3.0
1765461998.2940795,-0.12,4.0
1765461998.326781,0.13,6.0
1765461998.3633792,0.28,8.0
1765461998.3962128,0.33,10.0
1765461998.4291909,0.33,12.0
1765461998.4619346,0.28,14.0
1765461998.4947536,0.22,16.0
1765461998.5274243,0.18,18.0
1765461998.5602684,-0.02,20.0
1765461998.5930152,-0.13,23.0
1765461998.6259358,-0.12,26.0
1765461998.6624715,0.07,28.0
1765461998.6953847,0.4,32.0
1765461998.7281382,0.72,34.0
1765461998.7611072,1.08,37.0
1765461998.7936668,1.55,40.0
1765461998.8265393,2.07,43.0
1765461998.8590868,2.64,46.0
1765461998.8923516,3.27,49.0
1765461998.9250963,3.94,52.0
1765461998.9614217,4.68,55.0
1765461998.994047,5.35,58.0
1765461999.027313,5.78,60.0
1765461999.0600517,6.17,63.0
1765461999.0927825,6.69,66.0
1765461999.1254923,7.26,69.0
1765461999.158519,7.85,72.0
1765461999.1910343,8.42,74.0
1765461999.2238908,8.96,77.0
1765461999.2568183,9.37,80.0
1765461999.293271,9.66,83.0
1765461999.326059,9.73,86.0
1765461999.3589532,9.71,88.0
1765461999.3917587,9.72,92.0
1765461999.4246159,9.75,95.0
1765461999.4571974,9.76,98.0
1765461999.4902194,9.81,101.0
1765461999.5229511,9.8,104.0
1765461999.5596719,9.75,107.0
1765461999.5922365,9.76,110.0
1765461999.625292,9.75,114.0
1765461999.6579146,9.74,117.0
1765461999.6909118,9.75,120.0
1765461999.7234237,9.77,123.0
1765461999.7564483,9.77,127.0
1765461999.7891667,9.78,130.0
1765461999.82587,9.74,134.0
1765461999.8585832,9.71,137.0
1765461999.8916728,9.73,140.0
1765461999.9241393,9.76,143.0
1765461999.9570844,9.8,146.0
1765461999.9896848,9.83,150.0
1765462000.0227559,9.89,153.0
1765462000.0552223,9.96,156.0
1765462000.0920377,9.95,160.0
1765462000.1247404,9.88,163.0
1765462000.1576443,9.79,166.0
1765462000.1902318,9.74,169.0
1765462000.2231944,9.77,172.0
1765462000.2559166,9.84,176.0
1765462000.2888484,9.86,179.0
1765462000.3212914,9.85,182.0
1765462000.3542702,9.75,186.0
1765462000.3869681,9.64,189.0
1765462000.423956,9.62,192.0
1765462000.4565108,9.61,196.0
1765462000.489436,9.63,199.0
1765462000.522158,9.65,202.0
1765462000.5551043,9.63,206.0
1765462000.5877182,9.62,209.0
1765462000.6205513,9.64,212.0
1765462000.65352,9.66,215.0
1765462000.689819,9.64,218.0
1765462000.7229943,9.6,221.0
1765462000.7555127,9.58,225.0
1765462000.7885675,9.59,228.0
1765462000.8212152,9.57,231.0
1765462000.8538127,9.57,234.0
1765462000.8867435,9.57,237.0
1765462000.91957,9.59,240.0
1765462000.9522457,9.59,243.0
1765462000.9900024,9.61,246.0
1765462001.021822,9.64,249.0
1765462001.054735,9.73,252.0
1765462001.087842,9.79,255.0
1765462001.1203115,9.76,258.0
1765462001.1530962,9.66,261.0
1765462001.1857798,9.58,264.0
1765462001.2185462,9.51,267.0
1765462001.2513552,9.54,270.0
1765462001.2877934,9.56,272.0
1765462001.3209386,9.57,275.0
1765462001.3536701,9.57,278.0
1765462001.3864596,9.56,281.0
1765462001.4192636,9.49,284.0
1765462001.4520013,9.4,287.0
1765462001.4847875,9.38,290.0
1765462001.5184767,9.4,293.0
1765462001.5541804,9.43,296.0
1765462001.5870554,9.45,298.0
1765462001.6198637,9.44,302.0
1765462001.6528208,9.42,304.0
1765462001.6854672,9.46,307.0
1765462001.7181592,9.44,310.0
1765462001.7510295,9.4,312.0
1765462001.784078,9.34,315.0
1765462001.816329,9.33,318.0
1765462001.8531537,9.32,321.0
1765462001.8861804,9.34,324.0
1765462001.9189522,9.34,327.0
1765462001.9516206,9.33,330.0
1765462001.9844306,9.36,332.0
1765462002.0171776,9.41,335.0
1765462002.0499253,9.4,338.0
1765462002.0826905,9.4,341.0
1765462002.1193824,9.4,343.0
1765462002.1520894,9.44,346.0
1765462002.184913,9.5,349.0
1765462002.2178612,9.6,352.0
1765462002.250559,9.66,354.0
1765462002.2833872,9.63,357.0
1765462002.316103,9.58,360.0
1765462002.3490043,9.52,362.0
1765462002.3816261,9.47,365.0
1765462002.418409,9.46,368.0
1765462002.4509804,9.47,370.0
1765462002.4841268,9.48,373.0
1765462002.5169003,9.49,376.0
1765462002.549713,9.47,379.0
1765462002.5822723,9.45,381.0
1765462002.6152966,9.4,384.0
1765462002.6478903,9.34,387.0
1765462002.6809442,9.31,390.0
1765462002.7172587,9.31,392.0
1765462002.7505789,9.32,395.0
1765462002.7830176,9.32,398.0
1765462002.8160336,9.33,401.0
1765462002.8485746,9.44,404.0
1765462002.8816204,9.42,406.0
1765462002.9139478,9.4,409.0
1765462002.9469132,9.41,412.0
1765462002.9796157,9.42,414.0
1765462003.016403,9.41,417.0
1765462003.049051,9.45,420.0
1765462003.081991,9.44,422.0
1765462003.1147945,9.43,425.0
1765462003.1477447,9.43,428.0
1765462003.1804001,9.42,430.0
1765462003.2131863,9.45,433.0
1765462003.2458603,9.51,436.0
1765462003.2787879,9.51,438.0
1765462003.3152034,9.51,441.0
1765462003.3482265,9.53,444.0
1765462003.381067,9.56,446.0
1765462003.4138684,9.63,449.0
1765462003.4467876,9.72,451.0
1765462003.4793825,9.78,454.0
1765462003.5120573,9.77,456.0
1765462003.5449824,9.74,459.0
1765462003.57776,9.7,461.0
1765462003.6143782,9.63,464.0
1765462003.6471136,9.58,466.0
1765462003.6800418,9.59,469.0
1765462003.7129238,9.57,471.0
1765462003.7456994,9.6,474.0
1765462003.778405,9.59,476.0
1765462003.8110971,9.56,479.0
1765462003.8439298,9.52,482.0
1765462003.8766563,9.5,484.0
1765462003.909463,9.43,487.0
1765462003.9461596,9.37,489.0
1765462003.9789617,9.39,492.0
1765462004.0119028,9.43,495.0
1765462004.0443926,9.45,497.0
1765462004.077296,9.42,500.0
1765462004.1100693,9.44,503.0
1765462004.1427653,9.47,505.0
