1765904248.184542,0.0,0.0
1765904248.2164075,0.0,0.0
1765904248.2491395,0.02,0.0
1765904248.2821736,0.07,0.0
1765904248.3148112,0.09,0.0
1765904248.3476958,0.08,0.0
1765904248.3804522,0.11,0.0
1765904248.4132674,0.1,0.0
1765904248.4459915,0.1,0.0
1765904248.4828484,0.1,0.0
1765904248.5154889,0.1,0.0
1765904248.5482745,0.11,0.0
1765904248.581107,0.11,0.0
1765904248.6139581,0.11,0.0
1765904248.6466503,0.11,0.0
1765904248.6792889,0.11,0.0
1765904248.712399,0.11,0.0
1765904248.7449863,0.11,0.0
1765904248.777693,0.12,0.0
1765904248.8104897,0.12,0.0
1765904248.8471074,0.12,0.0
1765904248.8805199,0.12,0.0
1765904248.9126887,0.12,0.0
1765904248.9456766,0.12,0.0
1765904248.9784327,0.12,0.0
1765904249.0112157,0.12,0.0
1765904249.043958,0.12,0.0
1765904249.076655,0.12,0.0
1765904249.1096473,0.12,0.0
1765904249.1460433,0.12,0.0
1765904249.1791365,0.1,0.0
1765904249.2118924,0.09,0.0
1765904249.2445936,0.1,0.0
1765904249.277428,0.11,0.0
1765904249.3100905,0.12,0.0
1765904249.3429387,0.12,0.0
1765904249.3757849,0.12,0.0
1765904249.4085083,0.12,0.0
1765904249.4412518,0.12,0.0
1765904249.4783137,0.12,0.0
1765904249.5108535,0.12,0.0
1765904249.5435593,0.12,0.0
1765904249.576739,0.12,0.0
1765904249.6091092,0.12,0.0
1765904249.6418796,0.12,0.0
1765904249.6747956,0.12,0.0
1765904249.7074735,0.12,0.0
1765904249.7442617,0.12,0.0
1765904249.7769113,0.12,0.0
1765904249.8098767,0.12,0.0
1765904249.842428,0.12,0.0
1765904249.8754299,0.12,0.0
1765904249.9081793,0.12,0.0
1765904249.940869,0.1,0.0
1765904249.973594,0.1,0.0
1765904250.0103617,0.1,0.0
1765904250.0432036,0.12,0.0
1765904250.07588,0.12,0.0
1765904250.1088898,0.12,0.0
1765904250.1416762,0.12,0.0
1765904250.1744058,0.12,0.0
1765904250.2072082,0.12,0.0
1765904250.239724,0.12,0.0
1765904250.2726927,0.12,0.0
1765904250.3091455,0.12,0.0
1765904250.3421578,0.12,0.0
1765904250.375056,0.12,0.0
1765904250.4076693,0.12,0.0
1765904250.4409099,0.12,0.0
1765904250.4731739,0.12,0.0
1765904250.5064142,0.12,0.0
1765904250.5389261,0.12,0.0
1765904250.5755079,0.12,0.0
1765904250.6083746,0.12,0.0
1765904250.641288,0.12,0.0
1765904250.6741471,0.12,0.0
1765904250.707026,0.12,0.0
1765904250.7395606,0.12,0.0
1765904250.7723193,0.11,0.0
1765904250.8051124,0.11,0.0
1765904250.8379545,0.11,0.0
1765904250.8748581,0.11,0.0
1765904250.9073517,0.14,0.0
1765904250.9405286,0.16,0.0
1765904250.9730704,0.16,0.0
1765904251.005769,0.16,0.0
1765904251.0387418,0.16,0.0
1765904251.071356,0.16,0.0
1765904251.104345,0.16,0.0
1765904251.137061,0.16,0.0
1765904251.1735864,0.16,0.0
1765904251.206451,0.16,0.0
1765904251.239467,0.16,0.0
1765904251.2722046,0.16,0.0
1765904251.3050697,0.16,0.0
1765904251.337865,0.16,0.0
1765904251.3705695,0.16,0.0
1765904251.4032133,0.16,0.0
1765904251.4361274,0.16,0.0
1765904251.4725888,0.16,0.0
1765904251.5058322,0.16,0.0
1765904251.5384557,0.16,0.0
1765904251.5714285,0.16,0.0
1765904251.60403,0.16,0.0
1765904251.6368926,0.16,0.0
1765904251.669539,0.16,0.0
1765904251.7024012,0.16,0.0
1765904251.7350945,0.16,0.0
1765904251.7722986,0.16,0.0
1765904251.8046126,0.16,0.0
1765904251.8375928,0.16,0.0
1765904251.8702424,0.16,0.0
1765904251.9029965,0.16,0.0
1765904251.9363322,0.16,0.0
1765904251.9685085,0.16,0.0
1765904252.0012233,0.16,0.0
1765904252.0376747,0.16,0.0
1765904252.0705612,0.16,0.0
1765904252.1039622,0.16,0.0
1765904252.13658,0.16,0.0
1765904252.169374,0.16,0.0
1765904252.2021155,0.16,0.0
1765904252.2348166,0.16,0.0
1765904252.267533,0.15,0.0
1765904252.3003411,0.13,0.0
1765904252.3330305,0.16,0.0
1765904252.3699677,0.18,0.0
1765904252.4026864,0.17,0.0
1765904252.4354815,0.17,0.0
1765904252.4684515,0.18,0.0
1765904252.5013752,0.18,0.0
1765904252.5336664,0.18,0.0
1765904252.5666637,0.18,0.0
1765904252.5993562,0.18,0.0
1765904252.6360433,0.18,0.0
1765904252.6687133,0.18,0.0
1765904252.7018716,0.18,0.0
1765904252.7348435,0.18,0.0
1765904252.7677095,0.18,0.0
1765904252.7999763,0.17,0.0
1765904252.8329995,0.17,0.0
1765904252.865365,0.17,0.0
1765904252.8982954,0.18,0.0
1765904252.9348364,0.2,0.0
1765904252.9679933,0.2,0.0
1765904253.000691,0.2,0.0
1765904253.0334861,0.2,0.0
1765904253.0662484,0.2,0.0
1765904253.0990963,0.2,0.0
1765904253.1320374,0.2,0.0
1765904253.1644857,0.2,0.0
1765904253.2009892,0.2,0.0
1765904253.2340028,0.2,0.0
1765904253.266927,0.2,0.0
1765904253.2996612,0.2,0.0
1765904253.3324444,0.2,0.0
1765904253.365133,0.19,0.0
1765904253.3982606,0.19,0.0
1765904253.4304676,0.19,0.0
1765904253.4637885,0.19,0.0
1765904253.49603,0.2,0.0
1765904253.5332248,0.23,0.0
1765904253.565902,0.24,0.0
1765904253.5987234,0.24,0.0
1765904253.6313527,0.24,0.0
1765904253.6643293,0.24,0.0
1765904253.6969721,0.24,0.0
1765904253.7300043,0.24,0.0
1765904253.7625918,0.24,0.0
1765904253.7991977,0.23,0.0
1765904253.832096,0.22,0.0
1765904253.864998,0.22,0.0
1765904253.897956,0.22,0.0
1765904253.9301848,0.25,0.0
1765904253.9631796,0.26,0.0
1765904253.9963453,0.26,0.0
1765904254.0289066,0.26,0.0
1765904254.061691,0.26,0.0
1765904254.0942104,0.26,0.0
1765904254.131163,0.26,0.0
1765904254.163785,0.24,0.0
1765904254.1967473,0.24,0.0
1765904254.2291293,0.24,0.0
1765904254.2625356,0.25,0.0
1765904254.2946844,0.26,0.0
1765904254.328176,0.26,0.0
1765904254.360583,0.26,0.0
1765904254.394247,0.26,0.0
1765904254.426098,0.26,0.0
1765904254.4632244,0.26,0.0
1765904254.4955368,0.26,0.0
1765904254.5282023,0.26,0.0
1765904254.5611808,0.26,0.0
1765904254.5939748,0.26,0.0
1765904254.626698,0.25,0.0
1765904254.6594582,0.24,0.0
1765904254.6963134,0.24,0.0
1765904254.7289662,0.25,0.0
1765904254.7621105,0.25,0.0
1765904254.794465,0.25,0.0
1765904254.8271754,0.25,0.0
1765904254.8601909,0.25,0.0
1765904254.893191,0.25,0.0
1765904254.9260461,0.26,0.0
1765904254.9585018,0.26,0.0
1765904254.994984,0.26,0.0
1765904255.0277479,0.26,0.0
1765904255.0608823,0.26,0.0
1765904255.093686,0.26,0.0
1765904255.1264184,0.26,0.0
1765904255.1592598,0.26,0.0
1765904255.191922,0.26,0.0
1765904255.2247288,0.26,0.0
1765904255.257433,0.26,0.0
1765904255.2903342,0.26,0.0
1765904255.3266819,0.26,0.0
1765904255.3599868,0.26,0.0
1765904255.392372,0.26,0.0
1765904255.4253876,0.26,0.0
1765904255.4582033,0.26,0.0
1765904255.490753,0.26,0.0
1765904255.5236082,0.26,0.0
1765904255.5561202,0.26,0.0
1765904255.592944,0.26,0.0
1765904255.6257079,0.26,0.0
1765904255.6587987,0.26,0.0
1765904255.6913903,0.26,0.0
1765904255.7243018,0.26,0.0
1765904255.757098,0.26,0.0
1765904255.7902296,0.26,0.0
1765904255.8226917,0.26,0.0
1765904255.8554459,0.26,0.0
1765904255.8920045,0.26,0.0
1765904255.92477,0.26,0.0
1765904255.9577134,0.26,0.0
1765904255.9905474,0.26,0.0
1765904256.0236886,0.27,0.0
1765904256.0559006,0.29,0.0
1765904256.0889175,0.29,0.0
1765904256.121946,0.29,0.0
1765904256.1545234,0.29,0.0
1765904256.1913073,0.29,0.0
1765904256.2242556,0.29,0.0
1765904256.2566173,0.29,0.0
1765904256.2897794,0.29,0.0
1765904256.322355,0.29,0.0
1765904256.3550644,0.29,0.0
1765904256.3878927,0.29,0.0
1765904256.4204142,0.27,0.0
1765904256.4576433,0.26,0.0
1765904256.4905887,0.29,0.0
1765904256.5230494,0.3,0.0
1765904256.555907,0.3,0.0
1765904256.5888438,0.3,0.0
1765904256.6213996,0.3,0.0
1765904256.6543195,0.3,0.0
1765904256.686882,0.3,0.0
1765904256.7196693,0.29,0.0
1765904256.7562194,0.29,0.0
1765904256.7889075,0.29,0.0
1765904256.82215,0.29,0.0
1765904256.8548079,0.3,0.0
1765904256.8878093,0.3,0.0
1765904256.9203312,0.3,0.0
1765904256.9530764,0.3,0.0
1765904256.986193,0.3,0.0
1765904257.0225365,0.3,0.0
1765904257.0554943,0.3,0.0
1765904257.0882409,0.29,0.0
1765904257.1215072,0.29,0.0
1765904257.1538148,0.29,0.0
1765904257.186647,0.31,0.0
1765904257.2192852,0.32,0.0
1765904257.2561355,0.32,0.0
1765904257.288581,0.32,0.0
1765904257.32171,0.32,0.0
1765904257.354454,0.32,0.0
1765904257.387319,0.32,0.0
1765904257.4200413,0.32,0.0
1765904257.4528513,0.32,0.0
1765904257.485648,0.32,0.0
1765904257.5181217,0.32,0.0
1765904257.551147,0.32,0.0
1765904257.5876215,0.32,0.0
1765904257.6207922,0.32,0.0
1765904257.6532452,0.32,0.0
1765904257.68641,0.32,0.0
1765904257.7191188,0.32,0.0
1765904257.7520375,0.32,0.0
1765904257.784686,0.34,0.0
1765904257.8211963,0.37,0.0
1765904257.8540926,0.37,0.0
1765904257.8914974,0.37,0.0
1765904257.9198565,0.37,0.0
1765904257.9522498,0.37,0.0
1765904257.9855094,0.37,0.0
1765904258.0180378,0.37,0.0
1765904258.050792,0.37,0.0
1765904258.083648,0.38,0.0
1765904258.1200075,0.38,0.0
1765904258.153014,0.38,0.0
1765904258.1860409,0.38,0.0
1765904258.2187152,0.38,0.0
1765904258.2514625,0.38,0.0
1765904258.2842875,0.38,0.0
1765904258.316801,0.38,0.0
1765904258.3500133,0.38,0.0
1765904258.382433,0.38,0.0
1765904258.4191585,0.38,0.0
1765904258.4520423,0.38,0.0
1765904258.4849951,0.38,0.0
1765904258.517773,0.38,0.0
