1765553613.7287307,0.0,0.0
1765553613.7307487,0.02,2.0
1765553613.732605,0.04,4.0
1765553613.734446,0.06,6.0
1765553613.7368736,0.08,8.0
1765553613.7388816,0.1,10.0
1765553613.7407954,0.12,12.0
1765553613.781098,0.14,14.0
1765553613.8488724,0.16,16.0
1765553613.9167416,0.18,18.0
1765553613.9844956,0.2,20.0
1765553614.0522609,0.22,22.0
1765553614.1200354,0.24,24.0
1765553614.1878114,0.26,26.0
1765553614.2557926,0.28,28.0
1765553614.3235435,0.3,30.0
1765553614.3911002,0.32,32.0
1765553614.4590092,0.34,34.0
1765553614.5271797,0.36,36.0
1765553614.594704,0.38,38.0
1765553614.6624048,0.4,40.0
1765553614.7304127,0.42,42.0
1765553614.7977912,0.44,44.0
1765553614.8657887,0.46,46.0
1765553614.933648,0.48,48.0
1765553615.0015109,0.5,50.0
1765553615.069125,0.52,52.0
1765553615.1370275,0.54,54.0
1765553615.204978,0.56,56.0
1765553615.2725616,0.58,58.0
1765553615.3401022,0.6,60.0
1765553615.4084444,0.62,62.0
1765553615.475792,0.64,64.0
1765553615.5440211,0.66,66.0
1765553615.6114054,0.68,68.0
1765553615.6792092,0.7,70.0
1765553615.7471476,0.72,72.0
1765553615.815027,0.74,74.0
1765553615.8824701,0.76,76.0
1765553615.9503584,0.78,78.0
1765553616.0180905,0.8,80.0
1765553616.0860124,0.82,82.0
1765553616.1535761,0.84,84.0
1765553616.2215493,0.86,86.0
1765553616.2895808,0.88,88.0
1765553616.3573208,0.9,90.0
1765553616.4252653,0.92,92.0
1765553616.492696,0.94,94.0
1765553616.56042,0.96,96.0
1765553616.628362,0.98,98.0
1765553616.6962726,1.0,100.0
1765553616.7641864,1.02,102.0
1765553616.832096,1.04,104.0
1765553616.8999057,1.06,106.0
1765553616.9675782,1.08,108.0
1765553617.0353904,1.1,110.0
1765553617.1031024,1.12,112.0
1765553617.171199,1.14,114.0
1765553617.2386944,1.16,116.0
1765553617.3066528,1.18,118.0
1765553617.37428,1.2,120.0
1765553617.4421089,1.22,122.0
1765553617.5101018,1.24,124.0
1765553617.5776808,1.26,126.0
1765553617.645587,1.28,128.0
1765553617.7136028,1.3,130.0
1765553617.7815068,1.32,132.0
1765553617.8492167,1.34,134.0
1765553617.9167755,1.36,136.0
1765553617.984635,1.38,138.0
1765553618.0526297,1.4,140.0
1765553618.1205199,1.42,142.0
1765553618.1885583,1.44,144.0
1765553618.2561853,1.46,146.0
1765553618.3238735,1.48,148.0
1765553618.3918157,1.5,150.0
1765553618.4596775,1.52,152.0
1765553618.527503,1.54,154.0
1765553618.5951414,1.56,156.0
1765553618.6629906,1.58,158.0
1765553618.7307506,1.6,160.0
1765553618.7988474,1.62,162.0
1765553618.8667855,1.64,164.0
1765553618.9345517,1.66,166.0
1765553619.0022552,1.68,168.0
1765553619.0703003,1.7,170.0
1765553619.1377108,1.72,172.0
1765553619.2058654,1.74,174.0
1765553619.2736425,1.76,176.0
1765553619.3419738,1.78,178.0
1765553619.4091725,1.8,180.0
1765553619.4769163,1.82,182.0
1765553619.5446897,1.84,184.0
1765553619.6124415,1.86,186.0
1765553619.6804478,1.88,188.0
1765553619.748023,1.9,190.0
1765553619.8161805,1.92,192.0
1765553619.8837466,1.94,194.0
1765553619.9520361,1.96,196.0
1765553620.0196764,1.98,198.0
1765553620.0874267,2.0,200.0
1765553620.1554615,2.02,202.0
1765553620.2228267,2.04,204.0
1765553620.2911062,2.06,206.0
1765553620.3584476,2.08,208.0
1765553620.4264524,2.1,210.0
1765553620.4943268,2.12,212.0
1765553620.5621505,2.14,214.0
1765553620.6299453,2.16,216.0
1765553620.697842,2.18,218.0
1765553620.765877,2.2,220.0
1765553620.8335493,2.22,222.0
1765553620.9012787,2.24,224.0
1765553620.9690523,2.26,226.0
1765553621.0371747,2.28,228.0
1765553621.1046286,2.3,230.0
1765553621.172349,2.32,232.0
1765553621.2403705,2.34,234.0
1765553621.308397,2.36,236.0
1765553621.3762364,2.38,238.0
1765553621.443928,2.4,240.0
1765553621.5118022,2.42,242.0
1765553621.5794525,2.44,244.0
1765553621.6474717,2.46,246.0
1765553621.7153096,2.48,248.0
1765553621.7831926,2.5,250.0
1765553621.8510308,2.52,252.0
1765553621.918674,2.54,254.0
1765553621.9867048,2.56,256.0
1765553622.054582,2.58,258.0
1765553622.122297,2.6,260.0
1765553622.1898959,2.62,262.0
1765553622.2581632,2.64,264.0
1765553622.325481,2.66,266.0
1765553622.3933558,2.68,268.0
1765553622.4614115,2.7,270.0
1765553622.5294518,2.72,272.0
1765553622.5967984,2.74,274.0
1765553622.6646771,2.76,276.0
1765553622.7324526,2.78,278.0
1765553622.8006723,2.8,280.0
1765553622.8682039,2.82,282.0
1765553622.9362051,2.84,284.0
1765553623.0038278,2.86,286.0
1765553623.0718026,2.88,288.0
1765553623.1398942,2.9,290.0
1765553623.2074308,2.92,292.0
1765553623.2750666,2.94,294.0
1765553623.3432102,2.96,296.0
1765553623.4108589,2.98,298.0
1765553623.478886,3.0,300.0
1765553623.546819,3.02,302.0
1765553623.6145453,3.04,304.0
1765553623.6824493,3.06,306.0
1765553623.7501483,3.08,308.0
1765553623.8178847,3.1,310.0
1765553623.8858016,3.12,312.0
1765553623.9534085,3.14,314.0
1765553624.0213952,3.16,316.0
1765553624.089192,3.18,318.0
1765553624.1571987,3.2,320.0
1765553624.2248354,3.22,322.0
1765553624.2927248,3.24,324.0
1765553624.3603728,3.26,326.0
1765553624.42845,3.28,328.0
1765553624.4960215,3.3,330.0
1765553624.5641742,3.32,332.0
1765553624.6318586,3.34,334.0
1765553624.6997116,3.36,336.0
1765553624.7673287,3.38,338.0
1765553624.8353548,3.4,340.0
1765553624.9031336,3.42,342.0
1765553624.9707448,3.44,344.0
1765553625.0389762,3.46,346.0
1765553625.1066792,3.48,348.0
1765553625.174758,3.5,350.0
1765553625.2423148,3.52,352.0
1765553625.3099346,3.54,354.0
1765553625.3777325,3.56,356.0
1765553625.4456599,3.58,358.0
1765553625.5136783,3.6,360.0
1765553625.5814605,3.62,362.0
1765553625.649158,3.64,364.0
1765553625.7171533,3.66,366.0
1765553625.7847893,3.68,368.0
1765553625.8528502,3.7,370.0
1765553625.9204376,3.72,372.0
1765553625.9884822,3.74,374.0
1765553626.056276,3.76,376.0
1765553626.1237116,3.78,378.0
1765553626.1918926,3.8,380.0
1765553626.259679,3.82,382.0
1765553626.3273246,3.84,384.0
1765553626.395189,3.86,386.0
1765553626.4629898,3.88,388.0
1765553626.5310686,3.9,390.0
1765553626.599068,3.92,392.0
1765553626.6665912,3.94,394.0
1765553626.7344413,3.96,396.0
1765553626.8024356,3.98,398.0
1765553626.8703287,4.0,400.0
1765553626.9381027,4.02,402.0
1765553627.0058193,4.04,404.0
1765553627.0734944,4.06,406.0
1765553627.1413002,4.08,408.0
1765553627.2094812,4.1,410.0
1765553627.277138,4.12,412.0
1765553627.3448956,4.14,414.0
1765553627.4125834,4.16,416.0
1765553627.480766,4.18,418.0
1765553627.548601,4.2,420.0
1765553627.6163867,4.22,422.0
1765553627.6837938,4.24,424.0
1765553627.752018,4.26,426.0
1765553627.8199506,4.28,428.0
1765553627.8875673,4.3,430.0
1765553627.9554596,4.32,432.0
1765553628.0234325,4.34,434.0
1765553628.0912857,4.36,436.0
1765553628.1588314,4.38,438.0
1765553628.2268991,4.4,440.0
1765553628.2943566,4.42,442.0
1765553628.3623605,4.44,444.0
1765553628.4303474,4.46,446.0
1765553628.4983473,4.48,448.0
1765553628.5657713,4.5,450.0
1765553628.633444,4.52,452.0
1765553628.701327,4.54,454.0
1765553628.7695282,4.56,456.0
1765553628.8372002,4.58,458.0
1765553628.9050152,4.6,460.0
1765553628.9728498,4.62,462.0
1765553629.0405717,4.64,464.0
1765553629.108352,4.66,466.0
1765553629.1762893,4.68,468.0
1765553629.2441258,4.7,470.0
1765553629.3121986,4.72,472.0
1765553629.3798308,4.74,474.0
1765553629.4476933,4.76,476.0
1765553629.5154076,4.78,478.0
1765553629.583352,4.8,480.0
1765553629.6509018,4.82,482.0
1765553629.718877,4.84,484.0
1765553629.7865818,4.86,486.0
1765553629.8545573,4.88,488.0
1765553629.9224114,4.9,490.0
1765553629.9903352,4.92,492.0
1765553630.058183,4.94,494.0
1765553630.1259058,4.96,496.0
1765553630.1934786,4.98,498.0
1765553630.2615602,5.0,500.0
1765553630.3295724,5.02,502.0
1765553630.3972583,5.04,504.0
1765553630.4648943,5.06,506.0
1765553630.5325627,5.08,508.0
1765553630.6008298,5.1,510.0
1765553630.668588,5.12,512.0
1765553630.7363753,5.14,514.0
1765553630.8042858,5.16,516.0
1765553630.8721027,5.18,518.0
1765553630.9399488,5.2,520.0
1765553631.0081205,5.22,522.0
1765553631.075413,5.24,524.0
1765553631.1433158,5.26,526.0
1765553631.2109535,5.28,528.0
1765553631.2787097,5.3,530.0
1765553631.346783,5.32,532.0
1765553631.414588,5.34,534.0
1765553631.4825196,5.36,536.0
1765553631.5503356,5.38,538.0
1765553631.6178083,5.4,540.0
1765553631.6858222,5.42,542.0
1765553631.75346,5.44,544.0
1765553631.8211532,5.46,546.0
1765553631.8892457,5.48,548.0
1765553631.9569676,5.5,550.0
1765553632.0249445,5.52,552.0
1765553632.0928936,5.54,554.0
1765553632.160709,5.56,556.0
1765553632.2284462,5.58,558.0
1765553632.2960153,5.6,560.0
1765553632.3641868,5.62,562.0
1765553632.4316883,5.64,564.0
1765553632.4998658,5.66,566.0
1765553632.5672095,5.68,568.0
1765553632.6356213,5.7,570.0
1765553632.7031677,5.72,572.0
1765553632.771155,5.74,574.0
1765553632.839072,5.76,576.0
1765553632.9066699,5.78,578.0
1765553632.9745054,5.8,580.0
1765553633.0419586,5.82,582.0
1765553633.110236,5.84,584.0
1765553633.1780596,5.86,586.0
1765553633.2457366,5.88,588.0
1765553633.3137314,5.9,590.0
1765553633.3816006,5.92,592.0
1765553633.4493842,5.94,594.0
1765553633.5172803,5.96,596.0
1765553633.5850213,5.98,598.0
1765553633.6525865,6.0,600.0
1765553633.720578,6.02,602.0
1765553633.7885005,6.04,604.0
1765553633.8563807,6.06,606.0
1765553633.9240506,6.08,608.0
1765553633.9917471,6.1,610.0
1765553634.059598,6.12,612.0
1765553634.1274176,6.14,614.0
1765553634.1954715,6.16,616.0
1765553634.2629237,6.18,618.0
1765553634.3308947,6.2,620.0
1765553634.398584,6.22,622.0
1765553634.4665709,6.24,624.0
1765553634.5345643,6.26,626.0
1765553634.6023717,6.28,628.0
1765553634.6701458,6.3,630.0
1765553634.7379985,6.32,632.0
1765553634.8057873,6.34,634.0
1765553634.8733382,6.36,636.0
1765553634.941404,6.38,638.0
1765553635.0093863,6.4,640.0
1765553635.076739,6.42,642.0
1765553635.1449015,6.44,644.0
1765553635.2125878,6.46,646.0
1765553635.2803638,6.48,648.0
1765553635.3482957,6.5,650.0
1765553635.4163156,6.52,652.0
1765553635.4837286,6.54,654.0
1765553635.551893,6.56,656.0
1765553635.6194873,6.58,658.0
1765553635.6875074,6.6,660.0
1765553635.7552621,6.62,662.0
1765553635.8227768,6.64,664.0
1765553635.890947,6.66,666.0
1765553635.9585037,6.68,668.0
1765553636.0264885,6.7,670.0
1765553636.0943835,6.72,672.0
1765553636.1622858,6.74,674.0
1765553636.2300835,6.76,676.0
1765553636.2978897,6.78,678.0
1765553636.3657463,6.8,680.0
1765553636.4334567,6.82,682.0
1765553636.50142,6.84,684.0
1765553636.569324,6.86,686.0
1765553636.637127,6.88,688.0
1765553636.7048807,6.9,690.0
1765553636.772457,6.92,692.0
1765553636.8408554,6.94,694.0
1765553636.9081423,6.96,696.0
1765553636.9761279,6.98,698.0
1765553637.0439687,7.0,700.0
1765553637.1119115,7.02,702.0
1765553637.179769,7.04,704.0
1765553637.2473993,7.06,706.0
1765553637.3152936,7.08,708.0
1765553637.382696,7.1,710.0
1765553637.4509327,7.12,712.0
1765553637.5184999,7.14,714.0
1765553637.5866134,7.16,716.0
1765553637.6541405,7.18,718.0
1765553637.7222772,7.2,720.0
1765553637.7901454,7.22,722.0
1765553637.8575766,7.24,724.0
1765553637.9256003,7.26,726.0
1765553637.9930084,7.28,728.0
1765553638.0610604,7.3,730.0
1765553638.1287682,7.32,732.0
1765553638.1967366,7.34,734.0
1765553638.264545,7.36,736.0
1765553638.332531,7.38,738.0
1765553638.4003985,7.4,740.0
1765553638.4682107,7.42,742.0
1765553638.5361695,7.44,744.0
1765553638.6038213,7.46,746.0
1765553638.6715934,7.48,748.0
1765553638.7392921,7.5,750.0
1765553638.807621,7.52,752.0
1765553638.87487,7.54,754.0
1765553638.942691,7.56,756.0
1765553639.010829,7.58,758.0
1765553639.0787528,7.6,760.0
1765553639.1464174,7.62,762.0
1765553639.2142236,7.64,764.0
1765553639.2819788,7.66,766.0
1765553639.349619,7.68,768.0
1765553639.4179518,7.7,770.0
1765553639.4853349,7.72,772.0
1765553639.5531592,7.74,774.0
1765553639.621064,7.76,776.0
1765553639.6890154,7.78,778.0
1765553639.7569537,7.8,780.0
1765553639.8246503,7.82,782.0
1765553639.892303,7.84,784.0
1765553639.960173,7.86,786.0
1765553640.0280814,7.88,788.0
1765553640.096092,7.9,790.0
1765553640.1637087,7.92,792.0
1765553640.2318592,7.94,794.0
1765553640.2996004,7.96,796.0
1765553640.3673885,7.98,798.0
1765553640.434937,8.0,800.0
1765553640.5028744,8.02,802.0
1765553640.570486,8.04,804.0
1765553640.6386158,8.06,806.0
1765553640.7064066,8.08,808.0
1765553640.7742097,8.1,810.0
1765553640.8418982,8.12,812.0
1765553640.9095156,8.14,814.0
1765553640.9775977,8.16,816.0
1765553641.0451505,8.18,818.0
1765553641.113262,8.2,820.0
1765553641.1809378,8.22,822.0
1765553641.2487159,8.24,824.0
1765553641.3166122,8.26,826.0
1765553641.3844686,8.28,828.0
1765553641.4522984,8.3,830.0
1765553641.5200846,8.32,832.0
1765553641.5879667,8.34,834.0
1765553641.6557615,8.36,836.0
1765553641.7234852,8.38,838.0
1765553641.7914584,8.4,840.0
1765553641.8591132,8.42,842.0
1765553641.9270349,8.44,844.0
1765553641.9951026,8.46,846.0
1765553642.0626338,8.48,848.0
1765553642.130943,8.5,850.0
1765553642.1986413,8.52,852.0
1765553642.2663662,8.54,854.0
1765553642.3340616,8.56,856.0
