1765900810.0319495,0.0,0.0
1765900810.063912,0.0,0.0
1765900810.0965955,0.0,0.0
1765900810.1292472,0.0,0.0
1765900810.1621456,0.0,0.0
1765900810.194873,0.0,0.0
1765900810.2317305,0.0,0.0
1765900810.264389,0.0,0.0
1765900810.297259,0.0,0.0
1765900810.3300397,0.0,0.0
1765900810.3627834,0.0,0.0
1765900810.3956263,0.0,0.0
1765900810.4283233,0.0,0.0
1765900810.4612002,0.0,0.0
1765900810.4938786,0.0,0.0
1765900810.5306363,0.0,0.0
1765900810.5635374,0.0,0.0
1765900810.5963616,0.0,0.0
1765900810.629011,0.0,0.0
1765900810.6618266,0.0,0.0
1765900810.6947308,0.0,0.0
1765900810.7276638,0.0,0.0
1765900810.7601583,0.0,0.0
1765900810.793303,0.0,0.0
1765900810.8295875,0.0,0.0
1765900810.86236,0.0,0.0
1765900810.8953197,0.0,0.0
1765900810.9279962,0.0,0.0
1765900810.9609845,0.0,0.0
1765900810.993544,0.0,0.0
1765900811.026386,0.0,0.0
1765900811.0590816,0.0,0.0
1765900811.0918727,0.0,0.0
1765900811.128792,0.0,0.0
1765900811.1615503,0.0,0.0
1765900811.1942394,0.0,0.0
1765900811.2271538,0.0,0.0
1765900811.2598119,0.0,0.0
1765900811.2924728,0.0,0.0
1765900811.325254,0.0,0.0
1765900811.358293,0.0,0.0
1765900811.3907843,0.0,0.0
1765900811.4277093,0.0,0.0
1765900811.4605002,0.0,0.0
1765900811.4940233,0.0,0.0
1765900811.5258498,0.0,0.0
1765900811.5589485,0.0,0.0
1765900811.591587,0.0,0.0
1765900811.624324,0.0,0.0
1765900811.6570702,0.0,0.0
1765900811.6898808,0.0,0.0
1765900811.7264707,0.0,0.0
1765900811.759546,0.0,0.0
1765900811.7922359,0.0,0.0
1765900811.8251646,0.0,0.0
1765900811.857808,0.0,0.0
1765900811.8905373,0.0,0.0
1765900811.9233713,0.0,0.0
1765900811.956036,0.0,0.0
1765900811.99287,0.0,0.0
1765900812.0256891,0.0,0.0
1765900812.058499,0.0,0.0
1765900812.0914128,0.0,0.0
1765900812.124081,0.0,0.0
1765900812.156709,0.0,0.0
1765900812.1897407,0.0,0.0
1765900812.2222373,0.0,0.0
1765900812.254955,0.0,0.0
1765900812.2914944,0.0,0.0
1765900812.324639,0.0,0.0
1765900812.3572466,0.0,0.0
1765900812.390397,0.0,0.0
1765900812.4230144,0.0,0.0
1765900812.4561436,0.0,0.0
1765900812.4884043,0.0,0.0
1765900812.5213437,0.0,0.0
1765900812.5539782,0.0,0.0
1765900812.5906308,0.0,0.0
1765900812.6235206,0.0,0.0
1765900812.6566415,0.0,0.0
1765900812.6890874,0.0,0.0
1765900812.7218966,0.0,0.0
1765900812.7548244,0.0,0.0
1765900812.7874615,0.0,0.0
1765900812.8201761,0.0,0.0
1765900812.853171,0.0,0.0
1765900812.8856957,0.0,0.0
1765900812.9225912,0.0,0.0
1765900812.9555352,0.0,0.0
1765900812.988207,0.0,0.0
1765900813.0213778,0.0,0.0
1765900813.0535777,0.0,0.0
1765900813.086687,0.0,0.0
1765900813.119241,0.0,0.0
1765900813.151951,0.0,0.0
1765900813.1847124,0.0,0.0
1765900813.2213206,0.0,0.0
1765900813.2545397,0.0,0.0
1765900813.2872422,0.0,0.0
1765900813.3201616,0.0,0.0
1765900813.3527553,0.0,0.0
1765900813.3856049,0.0,0.0
1765900813.4183025,0.0,0.0
1765900813.4511154,0.0,0.0
1765900813.4877064,0.0,0.0
1765900813.5206347,0.0,0.0
1765900813.553424,0.0,0.0
1765900813.586097,0.0,0.0
1765900813.6187778,0.0,0.0
1765900813.6519291,0.0,0.0
1765900813.6842802,0.0,0.0
1765900813.7172468,0.0,0.0
1765900813.7498882,0.0,0.0
1765900813.7869012,0.0,0.0
1765900813.819614,0.0,0.0
1765900813.8526385,0.0,0.0
1765900813.8850527,0.0,0.0
1765900813.9180396,0.0,0.0
1765900813.9507704,0.0,0.0
1765900813.9834664,0.0,0.0
1765900814.0162585,0.0,0.0
1765900814.0490463,0.0,0.0
1765900814.0819728,0.0,0.0
1765900814.118272,0.0,0.0
1765900814.1516547,0.0,0.0
1765900814.1840081,0.0,0.0
1765900814.2171621,0.0,0.0
1765900814.2496996,0.0,0.0
1765900814.2826595,0.0,0.0
1765900814.3150175,0.0,0.0
1765900814.3480992,0.0,0.0
1765900814.3806362,0.0,0.0
1765900814.4173875,0.0,0.0
1765900814.450288,0.0,0.0
1765900814.4832082,0.0,0.0
1765900814.5159442,0.0,0.0
1765900814.548713,0.0,0.0
1765900814.5815115,0.0,0.0
1765900814.6140966,0.0,0.0
1765900814.6470256,0.0,0.0
1765900814.6798453,0.0,0.0
1765900814.7164006,0.0,0.0
1765900814.749355,0.0,0.0
1765900814.7821696,0.0,0.0
1765900814.8149405,0.0,0.0
1765900814.8476393,0.0,0.0
1765900814.8805602,0.0,0.0
1765900814.9132423,0.0,0.0
1765900814.946367,0.0,0.0
1765900814.9827337,0.0,0.0
1765900815.0157957,0.0,0.0
1765900815.0485034,0.0,0.0
1765900815.081328,0.0,0.0
1765900815.1137762,0.0,0.0
1765900815.1468108,0.0,0.0
1765900815.1795905,0.0,0.0
1765900815.2124846,0.0,0.0
1765900815.2449868,0.0,0.0
1765900815.2778122,0.0,0.0
1765900815.3145182,0.0,0.0
1765900815.3475084,0.0,0.0
1765900815.380144,0.0,0.0
1765900815.4127717,0.0,0.0
1765900815.445733,0.0,0.0
1765900815.4785028,0.0,0.0
1765900815.5112443,0.0,0.0
1765900815.5440145,0.0,0.0
1765900815.580672,0.0,0.0
1765900815.6134217,0.0,0.0
1765900815.6463456,0.0,0.0
1765900815.6790574,0.0,0.0
1765900815.711916,0.0,0.0
1765900815.7447932,0.0,0.0
1765900815.7773974,0.0,0.0
1765900815.8101985,0.0,0.0
1765900815.843057,0.0,0.0
1765900815.8757725,0.0,0.0
1765900815.9124584,0.0,0.0
1765900815.945359,0.0,0.0
1765900815.9781983,0.0,0.0
1765900816.010872,0.0,0.0
1765900816.0437164,0.0,0.0
1765900816.076381,0.0,0.0
1765900816.109223,0.0,0.0
1765900816.1421406,0.0,0.0
1765900816.174954,0.0,0.0
1765900816.2113574,0.0,0.0
1765900816.2443,0.0,0.0
1765900816.2772167,0.0,0.0
1765900816.3099978,0.0,0.0
1765900816.3426695,0.0,0.0
1765900816.3754902,0.0,0.0
1765900816.4081845,0.0,0.0
1765900816.4409244,0.0,0.0
1765900816.4738617,0.0,0.0
1765900816.5104253,0.0,0.0
1765900816.5432997,0.0,0.0
1765900816.576156,0.0,0.0
1765900816.6088827,0.0,0.0
1765900816.641713,0.0,0.0
1765900816.6742897,0.0,0.0
1765900816.707233,0.0,0.0
1765900816.7401612,0.0,0.0
1765900816.772712,0.0,0.0
1765900816.8055375,0.0,0.0
1765900816.8421185,0.0,0.0
1765900816.8750107,0.0,0.0
1765900816.9079318,0.0,0.0
1765900816.9406362,0.0,0.0
1765900816.973444,0.0,0.0
1765900817.0061967,0.0,0.0
1765900817.038943,0.0,0.0
1765900817.0718346,0.0,0.0
1765900817.1044202,0.0,0.0
1765900817.1411908,0.0,0.0
1765900817.1741188,0.0,0.0
1765900817.2069776,0.0,0.0
1765900817.2399642,0.0,0.0
1765900817.2726161,0.0,0.0
1765900817.3052099,0.0,0.0
1765900817.3378775,0.0,0.0
1765900817.3708203,0.0,0.0
1765900817.4035838,0.0,0.0
1765900817.4401596,0.0,0.0
1765900817.4730997,0.0,0.0
1765900817.505844,0.0,0.0
1765900817.5386603,0.0,0.0
1765900817.571354,0.0,0.0
1765900817.604201,0.0,0.0
1765900817.6367533,0.0,0.0
1765900817.669698,0.0,0.0
1765900817.7024977,0.0,0.0
1765900817.735211,0.0,0.0
1765900817.7718825,0.0,0.0
1765900817.8048036,0.0,0.0
1765900817.8376598,0.0,0.0
1765900817.8703444,0.0,0.0
1765900817.9030313,0.0,0.0
1765900817.936278,0.0,0.0
1765900817.9687006,0.0,0.0
1765900818.0015895,0.0,0.0
1765900818.0342004,0.0,0.0
1765900818.0711648,0.0,0.0
1765900818.1038089,0.0,0.0
1765900818.1367161,0.0,0.0
1765900818.169454,0.0,0.0
1765900818.2022557,0.0,0.0
1765900818.234941,0.0,0.0
1765900818.2677164,0.0,0.0
1765900818.300459,0.0,0.0
1765900818.337103,0.0,0.0
1765900818.3699968,0.0,0.0
1765900818.402677,0.0,0.0
1765900818.435917,0.0,0.0
1765900818.468415,0.0,0.0
1765900818.5012057,0.0,0.0
1765900818.5341256,0.0,0.0
1765900818.5666804,0.0,0.0
1765900818.5993295,0.0,0.0
1765900818.6323557,0.0,0.0
1765900818.6690435,0.0,0.0
1765900818.7018433,0.0,0.0
1765900818.7346838,0.0,0.0
1765900818.7675173,0.0,0.0
1765900818.8002934,0.0,0.0
1765900818.8328989,0.0,0.0
1765900818.8656933,0.0,0.0
1765900818.8984373,0.0,0.0
1765900818.9351513,0.0,0.0
1765900818.9682615,0.0,0.0
1765900819.0009491,0.0,0.0
1765900819.0335758,0.0,0.0
1765900819.066415,0.0,0.0
1765900819.0991254,0.0,0.0
1765900819.131949,0.0,0.0
1765900819.164719,0.0,0.0
1765900819.1975873,0.0,0.0
1765900819.2301824,0.0,0.0
1765900819.2667415,0.0,0.0
1765900819.2997522,0.0,0.0
1765900819.332924,0.0,0.0
1765900819.3653662,0.0,0.0
1765900819.3982444,0.0,0.0
1765900819.4309168,0.0,0.0
1765900819.4637847,0.0,0.0
1765900819.4964116,0.0,0.0
1765900819.5294726,0.0,0.0
1765900819.562047,0.0,0.0
1765900819.598903,0.0,0.0
1765900819.6315746,0.0,0.0
1765900819.6643453,0.0,0.0
1765900819.6970804,0.0,0.0
1765900819.7298691,0.0,0.0
1765900819.7626946,0.0,0.0
1765900819.7953598,0.0,0.0
1765900819.8282623,0.0,0.0
1765900819.8609197,0.0,0.0
1765900819.8977845,0.0,0.0
1765900819.9306524,0.0,0.0
1765900819.9636593,0.0,0.0
1765900819.9962223,0.0,0.0
1765900820.0289836,0.0,0.0
1765900820.061764,0.0,0.0
1765900820.0946085,0.0,0.0
1765900820.1274989,0.0,0.0
1765900820.1640038,0.0,0.0
1765900820.1967664,0.0,0.0
1765900820.2298574,0.0,0.0
1765900820.2625043,0.0,0.0
1765900820.2954032,0.0,0.0
1765900820.327979,0.0,0.0
1765900820.3607967,0.0,0.0
1765900820.3934543,0.0,0.0
1765900820.426423,0.0,0.0
1765900820.4590123,0.0,0.0
1765900820.4957302,0.0,0.0
1765900820.5286338,0.0,0.0
1765900820.5617304,0.0,0.0
1765900820.594167,0.0,0.0
1765900820.626901,0.0,0.0
1765900820.659678,0.0,0.0
1765900820.693076,0.0,0.0
1765900820.7251897,0.0,0.0
1765900820.7579799,0.0,0.0
1765900820.794615,0.0,0.0
1765900820.827816,0.0,0.0
1765900820.860345,0.0,0.0
1765900820.8929605,0.0,0.0
1765900820.9259112,0.0,0.0
1765900820.958594,0.0,0.0
1765900820.9914262,0.0,0.0
1765900821.0240896,0.0,0.0
1765900821.056941,0.0,0.0
1765900821.0937126,0.0,0.0
1765900821.1268857,0.0,0.0
1765900821.1592906,0.0,0.0
1765900821.1924179,0.0,0.0
1765900821.2248433,0.0,0.0
1765900821.2579644,0.0,0.0
1765900821.2903576,0.0,0.0
1765900821.323345,0.0,0.0
1765900821.3597693,0.0,0.0
1765900821.3930225,0.0,0.0
1765900821.4255166,0.0,0.0
1765900821.4584026,0.0,0.0
1765900821.491016,0.0,0.0
1765900821.5240645,0.0,0.0
1765900821.5568202,0.0,0.0
1765900821.5894258,0.0,0.0
1765900821.6221032,0.0,0.0
1765900821.6588478,0.0,0.0
1765900821.6923428,0.0,0.0
1765900821.72475,0.0,0.0
1765900821.7573657,0.0,0.0
1765900821.7902567,0.0,0.0
1765900821.822885,0.0,0.0
1765900821.8557525,0.0,0.0
1765900821.8884134,0.0,0.0
1765900821.9210167,0.0,0.0
1765900821.9577684,0.0,0.0
1765900821.9908037,0.0,0.0
1765900822.0236106,0.0,0.0
1765900822.0563562,0.0,0.0
1765900822.0890844,0.0,0.0
1765900822.1220047,0.0,0.0
1765900822.1546261,0.0,0.0
1765900822.1874337,0.0,0.0
1765900822.2201612,0.0,0.0
1765900822.25676,0.0,0.0
1765900822.289651,0.0,0.0
1765900822.3224823,0.0,0.0
1765900822.3553913,0.0,0.0
1765900822.3880458,0.0,0.0
1765900822.4208496,0.0,0.0
1765900822.4536474,0.0,0.0
1765900822.4863634,0.0,0.0
1765900822.5230913,0.0,0.0
1765900822.5559065,0.0,0.0
1765900822.5887716,0.0,0.0
1765900822.6215012,0.0,0.0
1765900822.6543634,0.0,0.0
1765900822.6870224,0.0,0.0
1765900822.7199075,0.0,0.0
1765900822.7526345,0.0,0.0
1765900822.7892354,0.0,0.0
1765900822.822021,0.0,0.0
1765900822.854987,0.0,0.0
1765900822.8878152,0.0,0.0
1765900822.920919,0.0,0.0
1765900822.953515,0.0,0.0
1765900822.9861636,0.0,0.0
1765900823.01903,0.0,0.0
1765900823.051763,0.0,0.0
1765900823.088408,0.0,0.0
1765900823.1211696,0.0,0.0
1765900823.1541219,0.0,0.0
1765900823.1868262,0.0,0.0
1765900823.219696,0.0,0.0
1765900823.2524915,0.0,0.0
1765900823.2852204,0.0,0.0
1765900823.3179867,0.0,0.0
1765900823.3508193,0.0,0.0
1765900823.3833508,0.0,0.0
1765900823.4201677,0.0,0.0
1765900823.4529867,0.0,0.0
1765900823.4859922,0.0,0.0
1765900823.518507,0.0,0.0
1765900823.5513623,0.0,0.0
1765900823.5840702,0.0,0.0
1765900823.6168897,0.0,0.0
1765900823.6496093,0.0,0.0
1765900823.6866953,0.0,0.0
1765900823.7190573,0.0,0.0
1765900823.751848,0.0,0.0
1765900823.7847445,0.0,0.0
1765900823.8175097,0.0,0.0
1765900823.8503482,0.0,0.0
1765900823.8831663,0.0,0.0
1765900823.9161391,0.0,0.0
1765900823.9486012,0.0,0.0
1765900823.9856722,0.0,0.0
1765900824.0180216,0.0,0.0
1765900824.051071,0.0,0.0
1765900824.0836332,0.0,0.0
1765900824.1167207,0.0,0.0
1765900824.1493862,0.0,0.0
1765900824.1820529,0.0,0.0
1765900824.2148108,0.0,0.0
1765900824.247585,0.0,0.0
1765900824.2805111,0.0,0.0
1765900824.317142,0.0,0.0
1765900824.3499272,0.0,0.0
1765900824.3827612,0.0,0.0
1765900824.4154327,0.0,0.0
1765900824.4482324,0.0,0.0
1765900824.4808805,0.0,0.0
1765900824.5138128,0.0,0.0
1765900824.546604,0.0,0.0
1765900824.583267,0.0,0.0
1765900824.616022,0.0,0.0
1765900824.6490018,0.0,0.0
1765900824.681989,0.0,0.0
1765900824.714559,0.0,0.0
1765900824.7472422,0.0,0.0
1765900824.780101,0.0,0.0
1765900824.812782,0.0,0.0
1765900824.8455646,0.0,0.0
1765900824.8821402,0.0,0.0
1765900824.915242,0.0,0.0
1765900824.9480069,0.0,0.0
1765900824.9807353,0.0,0.0
1765900825.0135183,0.0,0.0
1765900825.0462656,0.0,0.0
1765900825.0790415,0.0,0.0
1765900825.1118462,0.0,0.0
1765900825.1448417,0.0,0.0
1765900825.1812758,0.0,0.0
1765900825.2140732,0.0,0.0
1765900825.246968,0.0,0.0
1765900825.2798166,0.0,0.0
1765900825.3124545,0.0,0.0
1765900825.3454165,0.0,0.0
1765900825.3781226,0.0,0.0
1765900825.4107976,0.0,0.0
1765900825.4436724,0.0,0.0
1765900825.4802012,0.0,0.0
1765900825.5132267,0.0,0.0
1765900825.545944,0.0,0.0
1765900825.579,0.0,0.0
1765900825.6115634,0.0,0.0
1765900825.644284,0.0,0.0
1765900825.6770282,0.0,0.0
1765900825.7098987,0.0,0.0
1765900825.7425475,0.0,0.0
1765900825.779063,0.0,0.0
1765900825.8120043,0.0,0.0
1765900825.8447726,0.0,0.0
1765900825.8777592,0.0,0.0
1765900825.9105937,0.0,0.0
1765900825.943252,0.0,0.0
1765900825.9764807,0.0,0.0
1765900826.0089264,0.0,0.0
1765900826.0452452,0.0,0.0
1765900826.0783951,0.0,0.0
1765900826.111245,0.0,0.0
1765900826.1443424,0.0,0.0
1765900826.1767886,0.0,0.0
1765900826.209632,0.0,0.0
1765900826.2424068,0.0,0.0
1765900826.2751741,0.0,0.0
1765900826.3082793,0.0,0.0
1765900826.3445573,0.0,0.0
1765900826.377216,0.0,0.0
1765900826.4102497,0.0,0.0
1765900826.4428792,0.0,0.0
1765900826.4759212,0.0,0.0
1765900826.5086799,0.0,0.0
1765900826.541297,0.0,0.0
1765900826.5741246,0.0,0.0
1765900826.6068656,0.0,0.0
1765900826.6436791,0.0,0.0
1765900826.6763906,0.0,0.0
1765900826.709409,0.0,0.0
1765900826.7421033,0.0,0.0
1765900826.7747955,0.0,0.0
1765900826.807585,0.0,0.0
1765900826.840352,0.0,0.0
1765900826.8730028,0.0,0.0
1765900826.905605,0.0,0.0
1765900826.9423757,0.0,0.0
1765900826.9753318,0.0,0.0
1765900827.008155,0.0,0.0
1765900827.04092,0.0,0.0
1765900827.0739121,0.0,0.0
1765900827.106374,0.0,0.0
1765900827.1393833,0.0,0.0
1765900827.171949,0.0,0.0
1765900827.205096,0.0,0.0
1765900827.2413568,0.0,0.0
1765900827.274338,0.0,0.0
1765900827.3069563,0.0,0.0
1765900827.3398662,0.0,0.0
1765900827.3725877,0.0,0.0
1765900827.405566,0.0,0.0
1765900827.4382117,0.0,0.0
1765900827.4711194,0.0,0.0
1765900827.503776,0.0,0.0
1765900827.5365016,0.0,0.0
1765900827.5733402,0.0,0.0
1765900827.6058884,0.0,0.0
1765900827.6389146,0.0,0.0
1765900827.6720002,0.0,0.0
1765900827.7044895,0.0,0.0
1765900827.737222,0.0,0.0
1765900827.7699404,0.0,0.0
1765900827.8030121,0.0,0.0
1765900827.8353095,0.0,0.0
1765900827.8724687,0.0,0.0
1765900827.9049556,0.0,0.0
1765900827.9378781,0.0,0.0
1765900827.9706612,0.0,0.0
1765900828.0034258,0.0,0.0
1765900828.0362148,0.0,0.0
1765900828.0689044,0.0,0.0
1765900828.1017373,0.0,0.0
1765900828.1346323,0.0,0.0
1765900828.1711528,0.0,0.0
1765900828.2041495,0.0,0.0
1765900828.2368639,0.0,0.0
1765900828.269662,0.0,0.0
1765900828.3024244,0.0,0.0
1765900828.33526,0.0,0.0
1765900828.3679414,0.0,0.0
1765900828.4008353,0.0,0.0
1765900828.4373963,0.0,0.0
1765900828.4702203,0.0,0.0
1765900828.5031228,0.0,0.0
1765900828.5358648,0.0,0.0
1765900828.5686405,0.0,0.0
1765900828.6014273,0.0,0.0
1765900828.6343231,0.0,0.0
1765900828.667024,0.0,0.0
1765900828.6997812,0.0,0.0
1765900828.7363424,0.0,0.0
1765900828.7692008,0.0,0.0
1765900828.802109,0.0,0.0
1765900828.8348668,0.0,0.0
1765900828.8678024,0.0,0.0
1765900828.9004297,0.0,0.0
1765900828.933129,0.0,0.0
1765900828.966181,0.0,0.0
1765900829.0025446,0.0,0.0
1765900829.0358396,0.0,0.0
1765900829.0683455,0.0,0.0
1765900829.1011438,0.0,0.0
1765900829.1337676,0.0,0.0
1765900829.1667304,0.0,0.0
