1765191680.2187126,0.0,0.0
1765191680.2202637,0.0,0.1
1765191680.2217984,0.0,0.2
1765191680.2232866,0.0,0.3
1765191680.2248764,0.0,0.4
1765191719.3137703,0.0,0.0
1765191719.3153439,0.0,0.1
1765191719.3168218,0.0,0.2
1765191719.3182194,0.0,0.3
1765191719.3204095,0.0,0.4
1765191719.3222876,0.0,0.5
1765191719.3245933,0.01,0.6
1765191719.3264217,0.01,0.7
1765191719.3282444,0.01,0.8
1765191719.3301718,0.01,0.9
1765191719.3321984,0.01,1.0
1765191719.3341496,0.01,1.1
1765191719.3361404,0.01,1.2
1765191719.338133,0.01,1.3
1765191719.3403084,0.01,1.4
1765191719.3424947,0.02,1.5
1765191719.3443317,0.02,1.6
1765191719.3461225,0.02,1.7
1765191719.3481102,0.02,1.8
1765191719.3501022,0.02,1.9
1765191719.352106,0.02,2.0
1765191719.3543756,0.02,2.1
1765191719.3561234,0.02,2.2
1765191719.3580782,0.02,2.3
1765191719.360481,0.02,2.4
1765191719.3621259,0.03,2.5
1765191719.364074,0.03,2.6
1765191719.36623,0.03,2.7
1765191719.3682733,0.03,2.8
1765191719.3703096,0.03,2.9
1765191719.3723335,0.03,3.0
1765191719.3742733,0.03,3.1
1765191719.3758807,0.03,3.2
1765191719.3780963,0.03,3.3
1765191719.3798573,0.03,3.4
1765191719.381427,0.03,3.5
1765191719.3831131,0.04,3.6
1765191719.385084,0.04,3.7
1765191719.3870776,0.04,3.8
1765191719.3884692,0.04,3.9
1765191719.390053,0.04,4.0
1765191719.392052,0.04,4.1
1765191719.3938878,0.04,4.2
1765191719.3955705,0.04,4.3
1765191719.3972478,0.04,4.4
1765191719.3992279,0.04,4.5
1765191719.401216,0.05,4.6
1765191719.4026124,0.05,4.7
1765191719.4041867,0.05,4.8
1765191719.4061713,0.05,4.9
1765191719.4081655,0.05,5.0
1765191719.4097145,0.05,5.1
1765191719.4111352,0.05,5.2
1765191719.4132383,0.05,5.3
1765191719.4152222,0.05,5.4
1765191719.417226,0.05,5.5
1765191719.419211,0.06,5.6
1765191719.4210773,0.06,5.7
1765191719.4224799,0.06,5.8
1765191719.4240694,0.06,5.9
1765191719.4258828,0.06,6.0
1765191719.4277387,0.06,6.1
1765191719.4292254,0.06,6.2
1765191719.4308767,0.06,6.3
1765191719.4328623,0.06,6.4
1765191719.4348502,0.06,6.5
1765191719.4362571,0.07,6.6
1765191719.4378338,0.07,6.7
1765191719.4398212,0.07,6.8
1765191719.4418898,0.07,6.9
1765191719.4435878,0.07,7.0
1765191719.4460876,0.07,7.1
1765191719.448053,0.07,7.2
1765191719.4500842,0.07,7.3
1765191719.4519312,0.07,7.4
1765191719.4539084,0.07,7.5
1765191719.455911,0.08,7.6
1765191719.4573035,0.08,7.7
1765191719.459054,0.08,7.8
1765191719.46086,0.08,7.9
1765191719.4628372,0.08,8.0
1765191719.464225,0.08,8.1
1765191719.4658706,0.08,8.2
1765191719.4678535,0.08,8.3
1765191719.4698427,0.08,8.4
1765191719.4714642,0.09,8.5
1765191719.4730587,0.09,8.6
1765191719.474919,0.09,8.7
1765191719.4764729,0.09,8.8
1765191719.4785018,0.09,8.9
1765191719.4801986,0.09,9.0
1765191719.4821737,0.09,9.1
1765191719.48416,0.09,9.2
1765191719.4855876,0.09,9.3
1765191719.4871702,0.09,9.4
1765191719.4891539,0.1,9.5
1765191719.4911475,0.1,9.6
1765191719.4925492,0.1,9.7
1765191719.494175,0.1,9.8
1765191719.4962761,0.1,9.9
1765191719.4982567,0.1,10.0
1765191719.4997706,0.1,10.1
1765191719.5017462,0.1,10.2
1765191719.5037344,0.1,10.3
1765191719.505129,0.1,10.4
1765191719.5067565,0.11,10.5
1765191719.5090063,0.11,10.6
1765191719.510778,0.11,10.7
1765191719.512237,0.11,10.8
1765191719.5139096,0.11,10.9
1765191719.5159543,0.11,11.0
1765191719.5177581,0.11,11.1
1765191719.5193787,0.11,11.2
1765191719.521367,0.11,11.3
1765191719.5232658,0.11,11.4
1765191719.5246787,0.12,11.5
1765191719.5270948,0.12,11.6
1765191719.5288274,0.12,11.7
1765191719.5302422,0.12,11.8
1765191719.5322578,0.12,11.9
1765191719.5336716,0.12,12.0
1765191719.5357466,0.12,12.1
1765191719.5372446,0.12,12.2
1765191719.5392382,0.12,12.3
1765191719.5406582,0.12,12.4
1765191719.54299,0.13,12.5
1765191719.5448875,0.13,12.6
1765191719.5467455,0.13,12.7
1765191719.5482075,0.13,12.8
1765191719.5503771,0.13,12.9
1765191719.5521798,0.13,13.0
1765191719.554467,0.13,13.1
1765191719.5563147,0.13,13.2
1765191719.5582495,0.13,13.3
1765191719.5603807,0.13,13.4
1765191719.5623624,0.14,13.5
1765191719.5642147,0.14,13.6
1765191719.5661657,0.14,13.7
1765191719.5681176,0.14,13.8
1765191719.5702727,0.14,13.9
1765191719.572085,0.14,14.0
1765191719.5742657,0.14,14.1
1765191719.5762734,0.14,14.2
1765191719.5781846,0.14,14.3
1765191719.5802245,0.14,14.4
1765191719.582095,0.15,14.5
1765191719.5842178,0.15,14.6
1765191719.5862107,0.15,14.7
1765191719.5884159,0.15,14.8
1765191719.5902033,0.15,14.9
1765191719.5925417,0.15,15.0
1765191719.5943062,0.15,15.1
1765191719.5963256,0.15,15.2
1765191719.5983012,0.15,15.3
1765191719.600373,0.15,15.4
1765191719.6022909,0.16,15.5
1765191719.6044414,0.16,15.6
1765191719.60648,0.16,15.7
1765191719.608342,0.16,15.8
1765191719.6103408,0.16,15.9
1765191719.6123366,0.16,16.0
1765191719.614278,0.16,16.1
1765191719.6163,0.16,16.2
1765191719.6182501,0.16,16.3
1765191719.6202683,0.16,16.4
1765191719.6220052,0.17,16.5
1765191719.6240804,0.17,16.6
1765191719.6260586,0.17,16.7
1765191719.6280594,0.17,16.8
1765191719.6300313,0.17,16.9
1765191719.632146,0.17,17.0
1765191719.6341164,0.17,17.1
1765191719.6361558,0.17,17.2
1765191719.638127,0.17,17.3
1765191719.64011,0.17,17.4
1765191719.642235,0.18,17.5
1765191719.6440444,0.18,17.6
1765191719.6461117,0.18,17.7
1765191719.6480765,0.18,17.8
1765191719.650072,0.18,17.9
1765191719.6521807,0.18,18.0
1765191719.654193,0.18,18.1
1765191719.6561973,0.18,18.2
1765191719.6581802,0.18,18.3
1765191719.660161,0.18,18.4
1765191719.6622055,0.19,18.5
1765191719.664187,0.19,18.6
1765191719.6661725,0.19,18.7
1765191719.6680288,0.19,18.8
1765191719.6693542,0.19,18.9
1765191719.6709583,0.19,19.0
1765191719.6729386,0.19,19.1
1765191719.674931,0.19,19.2
1765191719.6765678,0.19,19.3
1765191719.6786869,0.19,19.4
1765191719.6806455,0.2,19.5
1765191719.6827161,0.2,19.6
1765191719.684358,0.2,19.7
1765191719.6863372,0.2,19.8
1765191719.6883254,0.2,19.9
1765191719.6897485,0.2,20.0
1765191719.6914127,0.2,20.1
1765191719.6929328,0.2,20.2
1765191719.69457,0.2,20.3
1765191719.6965797,0.2,20.4
1765191719.698301,0.21,20.5
1765191719.7002845,0.21,20.6
1765191719.7026434,0.21,20.7
1765191719.7042367,0.21,20.8
1765191719.7063348,0.21,20.9
1765191719.7083817,0.21,21.0
1765191719.709846,0.21,21.1
1765191719.7115586,0.21,21.2
1765191719.7135005,0.21,21.3
1765191719.715525,0.21,21.4
1765191719.717054,0.22,21.5
1765191719.719066,0.22,21.6
1765191719.7211945,0.22,21.7
1765191719.7230794,0.22,21.8
1765191719.724572,0.22,21.9
1765191719.7267425,0.22,22.0
1765191719.728115,0.22,22.1
1765191719.7302024,0.22,22.2
1765191719.7315779,0.22,22.3
1765191719.7335534,0.22,22.4
1765191719.735049,0.23,22.5
1765191719.7370574,0.23,22.6
1765191719.7385514,0.23,22.7
1765191719.7405427,0.23,22.8
1765191719.7422214,0.23,22.9
1765191719.7441552,0.23,23.0
1765191719.7455697,0.23,23.1
1765191719.7476304,0.23,23.2
1765191719.7497256,0.23,23.3
1765191719.7516081,0.23,23.4
1765191719.7532904,0.24,23.5
1765191719.7552829,0.24,23.6
1765191719.7572553,0.24,23.7
1765191719.7593195,0.24,23.8
1765191719.7611885,0.24,23.9
1765191719.7633514,0.24,24.0
1765191719.764675,0.24,24.1
1765191719.766813,0.24,24.2
1765191719.7686617,0.24,24.3
1765191719.7708366,0.24,24.4
1765191719.7728019,0.25,24.5
1765191719.7747853,0.25,24.6
1765191719.7769375,0.25,24.7
1765191719.7782512,0.25,24.8
1765191719.7801068,0.25,24.9
1765191719.7819562,0.25,25.0
1765191719.783937,0.25,25.1
1765191719.7853363,0.25,25.2
1765191719.7869403,0.25,25.3
1765191719.7889247,0.25,25.4
1765191719.7909162,0.26,25.5
1765191719.792615,0.26,25.6
1765191719.794247,0.26,25.7
1765191719.7963352,0.26,25.8
1765191719.798334,0.26,25.9
1765191719.8003366,0.26,26.0
1765191719.8023136,0.26,26.1
1765191719.8043382,0.26,26.2
1765191719.8057473,0.26,26.3
1765191719.807339,0.26,26.4
1765191719.8094938,0.27,26.5
1765191719.811324,0.27,26.6
1765191719.812834,0.27,26.7
1765191719.8147953,0.27,26.8
1765191719.8167868,0.27,26.9
1765191719.8181672,0.27,27.0
1765191719.819765,0.27,27.1
1765191719.8217506,0.27,27.2
1765191719.8237414,0.27,27.3
1765191719.825168,0.27,27.4
1765191719.826845,0.27,27.5
1765191719.8293562,0.28,27.6
1765191719.8312879,0.28,27.7
1765191719.8330042,0.28,27.8
1765191719.8349757,0.28,27.9
1765191719.8369703,0.28,28.0
1765191719.83835,0.28,28.1
1765191719.8399315,0.28,28.2
1765191719.8418086,0.28,28.3
1765191719.843366,0.28,28.4
1765191719.8457232,0.28,28.5
1765191719.8474276,0.29,28.6
1765191719.849396,0.29,28.7
1765191719.8513896,0.29,28.8
1765191719.8528092,0.29,28.9
1765191719.854391,0.29,29.0
1765191719.8563755,0.29,29.1
1765191719.8583663,0.29,29.2
1765191719.8604167,0.29,29.3
1765191719.8623827,0.29,29.4
1765191719.8643572,0.29,29.5
1765191719.8663633,0.3,29.6
1765191719.8683448,0.3,29.7
1765191719.8703668,0.3,29.8
1765191719.872349,0.3,29.9
1765191719.8741755,0.3,30.0
1765191719.8763156,0.3,30.1
1765191719.8784122,0.3,30.2
1765191719.880346,0.3,30.3
1765191719.882308,0.3,30.4
1765191719.8843288,0.3,30.5
1765191719.886311,0.31,30.6
1765191719.8883405,0.31,30.7
1765191719.8904192,0.31,30.8
1765191719.8921957,0.31,30.9
1765191719.8937252,0.31,31.0
1765191719.8963149,0.31,31.1
1765191719.8976583,0.31,31.2
1765191719.8994367,0.31,31.3
1765191719.9014292,0.31,31.4
1765191719.9036744,0.31,31.5
1765191719.905092,0.32,31.6
1765191719.90661,0.32,31.7
1765191719.909077,0.32,31.8
1765191719.9106483,0.32,31.9
1765191719.9121013,0.32,32.0
1765191719.9137976,0.32,32.1
1765191719.9153814,0.32,32.2
1765191719.9173732,0.32,32.3
1765191719.9194226,0.32,32.4
1765191719.9209867,0.32,32.5
1765191719.9230638,0.33,32.6
1765191719.9249392,0.33,32.7
1765191719.9274185,0.33,32.8
1765191719.9289546,0.33,32.9
1765191719.9310637,0.33,33.0
1765191719.9329202,0.33,33.1
1765191719.934906,0.33,33.2
1765191719.9368892,0.33,33.3
1765191719.9391372,0.33,33.4
1765191719.9408832,0.33,33.5
1765191719.9432187,0.34,33.6
1765191719.9453828,0.34,33.7
1765191719.9470794,0.34,33.8
1765191719.9486551,0.34,33.9
1765191719.95045,0.34,34.0
1765191719.9524636,0.34,34.1
1765191719.954601,0.34,34.2
1765191719.956403,0.34,34.3
1765191719.9585638,0.34,34.4
1765191719.960352,0.34,34.5
1765191719.9626825,0.35,34.6
1765191719.964065,0.35,34.7
1765191719.9658296,0.35,34.8
1765191719.9678009,0.35,34.9
1765191719.969792,0.35,35.0
1765191719.97125,0.35,35.1
1765191719.9728868,0.35,35.2
1765191719.9748578,0.35,35.3
1765191719.9770625,0.35,35.4
1765191719.9794705,0.35,35.5
1765191719.9818304,0.36,35.6
1765191719.983792,0.36,35.7
1765191719.9858158,0.36,35.8
1765191719.9872637,0.36,35.9
1765191719.9894042,0.36,36.0
1765191719.991392,0.36,36.1
1765191719.9934697,0.36,36.2
1765191719.9952192,0.36,36.3
1765191719.9975555,0.36,36.4
1765191719.9995265,0.36,36.5
1765191720.0015056,0.37,36.6
1765191720.0033731,0.37,36.7
1765191720.004781,0.37,36.8
1765191720.006369,0.37,36.9
1765191720.0083547,0.37,37.0
1765191720.0106335,0.37,37.1
1765191720.0123355,0.37,37.2
1765191720.0140753,0.37,37.3
1765191720.0155497,0.37,37.4
1765191720.017455,0.37,37.5
1765191720.0190053,0.38,37.6
1765191720.0210087,0.38,37.7
1765191720.0224495,0.38,37.8
1765191720.0245225,0.38,37.9
1765191720.0263014,0.38,38.0
1765191720.027928,0.38,38.1
1765191720.0294313,0.38,38.2
1765191720.031104,0.38,38.3
1765191720.0330353,0.38,38.4
1765191720.0357664,0.38,38.5
1765191720.046635,0.39,38.6
1765191720.0574574,0.39,38.7
1765191720.0682995,0.39,38.8
1765191720.0791762,0.39,38.9
1765191720.089769,0.39,39.0
1765191720.100705,0.39,39.1
1765191720.1114872,0.39,39.2
1765191720.1218872,0.39,39.3
1765191720.1328194,0.39,39.4
1765191720.1438146,0.39,39.5
1765191720.154601,0.4,39.6
1765191720.1652946,0.4,39.7
1765191720.1766677,0.4,39.8
1765191720.186777,0.4,39.9
1765191720.1974313,0.4,40.0
1765191720.208451,0.4,40.1
1765191720.2192845,0.4,40.2
1765191720.2300148,0.4,40.3
1765191720.241182,0.4,40.4
1765191720.25157,0.4,40.5
1765191720.2624516,0.41,40.6
1765191720.273548,0.41,40.7
1765191720.2840698,0.41,40.8
1765191720.2946212,0.41,40.9
1765191720.3054624,0.41,41.0
1765191720.3163366,0.41,41.1
1765191720.3273718,0.41,41.2
1765191720.3376791,0.41,41.3
1765191720.3485322,0.41,41.4
1765191720.359485,0.41,41.5
1765191720.37035,0.42,41.6
1765191720.3811147,0.42,41.7
1765191720.3916934,0.42,41.8
1765191720.4026072,0.42,41.9
1765191720.4132757,0.42,42.0
1765191720.4241424,0.42,42.1
1765191720.435224,0.42,42.2
1765191720.445916,0.42,42.3
1765191720.4564755,0.42,42.4
1765191720.4671164,0.42,42.5
1765191720.478587,0.43,42.6
1765191720.4892857,0.43,42.7
1765191720.4996834,0.43,42.8
1765191720.5102363,0.43,42.9
1765191720.5210311,0.43,43.0
1765191720.531741,0.43,43.1
1765191720.5426283,0.43,43.2
1765191720.5536337,0.43,43.3
1765191720.5642564,0.43,43.4
1765191720.5750766,0.43,43.5
1765191720.5863266,0.44,43.6
1765191720.5967538,0.44,43.7
1765191720.607578,0.44,43.8
1765191720.6185582,0.44,43.9
1765191720.629192,0.44,44.0
1765191720.639999,0.44,44.1
1765191720.6509185,0.44,44.2
1765191720.6613204,0.44,44.3
1765191720.6724503,0.44,44.4
1765191720.6828375,0.44,44.5
1765191720.6935859,0.45,44.6
1765191720.7050428,0.45,44.7
1765191720.7153707,0.45,44.8
1765191720.726459,0.45,44.9
1765191720.7369037,0.45,45.0
1765191720.7478957,0.45,45.1
1765191720.7584724,0.45,45.2
1765191720.7693417,0.45,45.3
1765191720.7800899,0.45,45.4
1765191720.7910168,0.45,45.5
1765191720.8017836,0.46,45.6
1765191720.8126667,0.46,45.7
1765191720.823426,0.46,45.8
1765191720.8340516,0.46,45.9
1765191720.8446276,0.46,46.0
1765191720.855472,0.46,46.1
1765191720.8663127,0.46,46.2
1765191720.877386,0.46,46.3
1765191720.8882267,0.46,46.4
1765191720.898695,0.46,46.5
1765191720.909476,0.47,46.6
1765191720.920699,0.47,46.7
1765191720.9308774,0.47,46.8
1765191720.941623,0.47,46.9
1765191720.952419,0.47,47.0
1765191720.9631195,0.47,47.1
1765191720.9741473,0.47,47.2
1765191720.9849415,0.47,47.3
1765191720.9959197,0.47,47.4
1765191721.0067127,0.47,47.5
1765191721.0174384,0.48,47.6
1765191721.0280929,0.48,47.7
1765191721.0391455,0.48,47.8
1765191721.0499108,0.48,47.9
1765191721.060534,0.48,48.0
1765191721.071526,0.48,48.1
1765191721.08246,0.48,48.2
1765191721.0931027,0.48,48.3
1765191721.1039994,0.48,48.4
1765191721.114654,0.48,48.5
1765191721.1250134,0.49,48.6
1765191721.1358807,0.49,48.7
1765191721.1467009,0.49,48.8
1765191721.157484,0.49,48.9
1765191721.1680956,0.49,49.0
1765191721.179045,0.49,49.1
1765191721.1901343,0.49,49.2
1765191721.2010915,0.49,49.3
1765191721.211319,0.49,49.4
1765191721.2225232,0.49,49.5
1765191721.2331605,0.5,49.6
1765191721.2440548,0.5,49.7
1765191721.2549598,0.5,49.8
1765191721.2655182,0.5,49.9
1765191721.2763567,0.5,50.0
1765191721.2872705,0.5,50.1
1765191721.297589,0.5,50.2
1765191721.3090281,0.5,50.3
1765191721.319613,0.5,50.4
1765191721.3299077,0.5,50.5
1765191721.3406188,0.51,50.6
1765191721.3514166,0.51,50.7
1765191721.3627558,0.51,50.8
1765191721.3734944,0.51,50.9
1765191721.384369,0.51,51.0
1765191721.3946886,0.51,51.1
1765191721.4057853,0.51,51.2
1765191721.416639,0.51,51.3
1765191721.427127,0.51,51.4
1765191721.438082,0.51,51.5
1765191721.4489741,0.52,51.6
1765191721.459931,0.52,51.7
1765191721.470538,0.52,51.8
1765191721.481497,0.52,51.9
1765191721.4918687,0.52,52.0
1765191721.5028968,0.52,52.1
1765191721.5135884,0.52,52.2
1765191721.524207,0.52,52.3
1765191721.534873,0.52,52.4
1765191721.5456746,0.52,52.5
1765191721.5564952,0.53,52.6
1765191721.5677245,0.53,52.7
1765191721.578467,0.53,52.8
1765191721.589241,0.53,52.9
1765191721.5997543,0.53,53.0
1765191721.6104035,0.53,53.1
1765191721.6212337,0.53,53.2
1765191721.632197,0.53,53.3
1765191721.6428566,0.53,53.4
1765191721.653901,0.53,53.5
1765191721.6649003,0.54,53.6
1765191721.6754742,0.54,53.7
1765191721.6862845,0.54,53.8
1765191721.696821,0.54,53.9
1765191721.70792,0.54,54.0
1765191721.7187622,0.54,54.1
1765191721.729137,0.54,54.2
1765191721.7397766,0.54,54.3
1765191721.7505283,0.54,54.4
1765191721.7616518,0.54,54.5
1765191721.7727482,0.55,54.6
1765191721.7833402,0.55,54.7
1765191721.7942424,0.55,54.8
1765191721.8048143,0.55,54.9
1765191721.8154438,0.55,55.0
1765191721.8264198,0.55,55.1
1765191721.837453,0.55,55.2
1765191721.8481853,0.55,55.3
1765191721.8589022,0.55,55.4
1765191721.8696434,0.55,55.5
1765191721.8802676,0.56,55.6
1765191721.8909466,0.56,55.7
1765191721.902088,0.56,55.8
1765191721.9125233,0.56,55.9
1765191721.9232063,0.56,56.0
1765191721.934058,0.56,56.1
1765191721.9447958,0.56,56.2
1765191721.9555974,0.56,56.3
1765191721.9666476,0.56,56.4
1765191721.9776783,0.56,56.5
1765191721.9883914,0.57,56.6
1765191721.9991524,0.57,56.7
1765191722.0097635,0.57,56.8
1765191722.0206382,0.57,56.9
1765191722.0316813,0.57,57.0
1765191722.0423806,0.57,57.1
1765191722.0525448,0.57,57.2
1765191722.0636141,0.57,57.3
1765191722.0745957,0.57,57.4
1765191722.0850635,0.57,57.5
1765191722.0958967,0.58,57.6
1765191722.1066284,0.58,57.7
1765191722.1176496,0.58,57.8
1765191722.1281862,0.58,57.9
1765191722.1390626,0.58,58.0
1765191722.1497252,0.58,58.1
1765191722.1606948,0.58,58.2
1765191722.1712139,0.58,58.3
1765191722.1822052,0.58,58.4
1765191722.193158,0.58,58.5
1765191722.2036846,0.59,58.6
1765191722.2147503,0.59,58.7
1765191722.2257137,0.59,58.8
1765191722.2364151,0.59,58.9
1765191722.2471142,0.59,59.0
1765191722.2579384,0.59,59.1
1765191722.2687547,0.59,59.2
1765191722.2793632,0.59,59.3
1765191722.2903662,0.59,59.4
1765191722.3010683,0.59,59.5
1765191722.3118021,0.6,59.6
1765191722.3227077,0.6,59.7
1765191722.3329937,0.6,59.8
1765191722.3437958,0.6,59.9
1765191722.3546364,0.6,60.0
1765191722.3655121,0.6,60.1
1765191722.3764782,0.6,60.2
1765191722.3874745,0.6,60.3
1765191722.3981185,0.6,60.4
1765191722.4090235,0.6,60.5
1765191722.4199111,0.61,60.6
1765191722.430554,0.61,60.7
1765191722.4413106,0.61,60.8
1765191722.4520254,0.61,60.9
1765191722.4629178,0.61,61.0
1765191722.4737303,0.61,61.1
1765191722.4843838,0.61,61.2
1765191722.495174,0.61,61.3
1765191722.5059965,0.61,61.4
1765191722.5168443,0.61,61.5
1765191722.5272007,0.62,61.6
1765191722.5380018,0.62,61.7
1765191722.548759,0.62,61.8
1765191722.5599332,0.62,61.9
1765191722.570829,0.62,62.0
1765191722.5813298,0.62,62.1
1765191722.5925992,0.62,62.2
1765191722.602968,0.62,62.3
1765191722.6137636,0.62,62.4
1765191722.6246376,0.62,62.5
1765191722.6354904,0.63,62.6
1765191722.6460671,0.63,62.7
1765191722.6571496,0.63,62.8
1765191722.667913,0.63,62.9
1765191722.6784348,0.63,63.0
1765191722.689397,0.63,63.1
1765191722.7002313,0.63,63.2
1765191722.71083,0.63,63.3
1765191722.7215652,0.63,63.4
1765191722.732081,0.63,63.5
1765191722.7434416,0.64,63.6
1765191722.7536983,0.64,63.7
1765191722.764975,0.64,63.8
1765191722.7756522,0.64,63.9
1765191722.7865598,0.64,64.0
1765191722.7969768,0.64,64.1
1765191722.8074913,0.64,64.2
1765191722.8184996,0.64,64.3
1765191722.8294165,0.64,64.4
1765191722.840088,0.64,64.5
1765191722.8508334,0.65,64.6
1765191722.8614907,0.65,64.7
1765191722.8723228,0.65,64.8
1765191722.8833027,0.65,64.9
1765191722.8939812,0.65,65.0
1765191722.9048107,0.65,65.1
1765191722.9155543,0.65,65.2
1765191722.926683,0.65,65.3
1765191722.9370348,0.65,65.4
1765191722.9479616,0.65,65.5
1765191722.9587882,0.66,65.6
1765191722.9692738,0.66,65.7
1765191722.980366,0.66,65.8
1765191722.9911761,0.66,65.9
1765191723.0021632,0.66,66.0
1765191723.0127184,0.66,66.1
1765191723.0237205,0.66,66.2
1765191723.0346613,0.66,66.3
1765191723.0452971,0.66,66.4
1765191723.05584,0.66,66.5
1765191723.0666502,0.67,66.6
1765191723.0776732,0.67,66.7
1765191723.0886743,0.67,66.8
1765191723.0994112,0.67,66.9
1765191723.1105008,0.67,67.0
1765191723.1206336,0.67,67.1
1765191723.1313488,0.67,67.2
1765191723.142191,0.67,67.3
1765191723.1528676,0.67,67.4
1765191723.1636372,0.67,67.5
1765191723.1747518,0.68,67.6
1765191723.185571,0.68,67.7
1765191723.1960213,0.68,67.8
1765191723.2070742,0.68,67.9
1765191723.2179155,0.68,68.0
1765191723.228573,0.68,68.1
1765191723.2396567,0.68,68.2
1765191723.250284,0.68,68.3
1765191723.2608004,0.68,68.4
1765191723.2718766,0.68,68.5
1765191723.2826195,0.69,68.6
1765191723.29347,0.69,68.7
1765191723.3042285,0.69,68.8
1765191723.3150272,0.69,68.9
1765191723.326079,0.69,69.0
1765191723.3360386,0.69,69.1
1765191723.346977,0.69,69.2
1765191723.3576796,0.69,69.3
1765191723.3687057,0.69,69.4
1765191723.3791988,0.69,69.5
1765191723.39016,0.7,69.6
1765191723.4013364,0.7,69.7
1765191723.412088,0.7,69.8
1765191723.422501,0.7,69.9
1765191723.4336352,0.7,70.0
1765191723.4440093,0.7,70.1
1765191723.4550927,0.7,70.2
1765191723.466104,0.7,70.3
1765191723.4767697,0.7,70.4
1765191723.48751,0.7,70.5
1765191723.498239,0.71,70.6
1765191723.509502,0.71,70.7
1765191723.519869,0.71,70.8
1765191723.5306427,0.71,70.9
1765191723.5409625,0.71,71.0
1765191723.5518684,0.71,71.1
1765191723.5627031,0.71,71.2
1765191723.5735233,0.71,71.3
1765191723.584673,0.71,71.4
1765191723.595225,0.71,71.5
1765191723.6061583,0.72,71.6
1765191723.617111,0.72,71.7
1765191723.627453,0.72,71.8
1765191723.6386838,0.72,71.9
1765191723.6490912,0.72,72.0
1765191723.66006,0.72,72.1
1765191723.670916,0.72,72.2
1765191723.6814797,0.72,72.3
1765191723.6926804,0.72,72.4
1765191723.703132,0.72,72.5
1765191723.7138598,0.73,72.6
1765191723.724889,0.73,72.7
1765191723.7352638,0.73,72.8
1765191723.745964,0.73,72.9
1765191723.75668,0.73,73.0
1765191723.7675922,0.73,73.1
1765191723.7784612,0.73,73.2
1765191723.7893176,0.73,73.3
1765191723.7999382,0.73,73.4
1765191723.8110738,0.73,73.5
1765191723.8216994,0.74,73.6
1765191723.8324523,0.74,73.7
1765191723.8433006,0.74,73.8
1765191723.8539531,0.74,73.9
1765191723.8646898,0.74,74.0
1765191723.8758435,0.74,74.1
1765191723.8863616,0.74,74.2
1765191723.8970783,0.74,74.3
1765191723.9077644,0.74,74.4
1765191723.918847,0.74,74.5
1765191723.9294116,0.75,74.6
1765191723.9400384,0.75,74.7
1765191723.9511592,0.75,74.8
1765191723.9618864,0.75,74.9
1765191723.9727347,0.75,75.0
1765191723.9834301,0.75,75.1
1765191723.994667,0.75,75.2
1765191724.0049098,0.75,75.3
1765191724.0157804,0.75,75.4
1765191724.026745,0.75,75.5
1765191724.0374007,0.76,75.6
1765191724.0481827,0.76,75.7
1765191724.0590286,0.76,75.8
1765191724.069893,0.76,75.9
1765191724.0805814,0.76,76.0
1765191724.0912504,0.76,76.1
1765191724.102097,0.76,76.2
1765191724.1128702,0.76,76.3
1765191724.1235604,0.76,76.4
1765191724.1345096,0.76,76.5
1765191724.1451604,0.77,76.6
1765191724.155916,0.77,76.7
1765191724.166854,0.77,76.8
1765191724.1777053,0.77,76.9
1765191724.1887443,0.77,77.0
1765191724.199245,0.77,77.1
1765191724.2105944,0.77,77.2
1765191724.2207181,0.77,77.3
1765191724.2316103,0.77,77.4
1765191724.242636,0.77,77.5
1765191724.253414,0.78,77.6
1765191724.2642112,0.78,77.7
1765191724.2749994,0.78,77.8
1765191724.2859852,0.78,77.9
1765191724.2961462,0.78,78.0
1765191724.3070178,0.78,78.1
1765191724.317778,0.78,78.2
1765191724.3284807,0.78,78.3
1765191724.3392613,0.78,78.4
1765191724.3501816,0.78,78.5
1765191724.361172,0.79,78.6
1765191724.3717027,0.79,78.7
1765191724.3824205,0.79,78.8
1765191724.3939776,0.79,78.9
1765191724.404384,0.79,79.0
1765191724.4148872,0.79,79.1
1765191724.4257607,0.79,79.2
1765191724.4366376,0.79,79.3
1765191724.4473834,0.79,79.4
1765191724.4583483,0.79,79.5
1765191724.4691403,0.8,79.6
1765191724.4798262,0.8,79.7
1765191724.4908538,0.8,79.8
1765191724.5015163,0.8,79.9
1765191724.5122063,0.8,80.0
1765191724.523095,0.8,80.1
1765191724.5337362,0.8,80.2
1765191724.544105,0.8,80.3
1765191724.5550425,0.8,80.4
1765191724.5658975,0.8,80.5
1765191724.576896,0.81,80.6
1765191724.587875,0.81,80.7
1765191724.5985634,0.81,80.8
1765191724.6090674,0.81,80.9
1765191724.6202583,0.81,81.0
1765191724.6309915,0.81,81.1
1765191724.6417205,0.81,81.2
1765191724.652521,0.81,81.3
1765191724.6633463,0.81,81.4
1765191724.6740966,0.81,81.5
1765191724.6848066,0.82,81.6
1765191724.6956015,0.82,81.7
1765191724.7064335,0.82,81.8
1765191724.7171612,0.82,81.9
1765191724.727613,0.82,82.0
1765191724.7383158,0.82,82.1
1765191724.7491531,0.82,82.2
1765191724.7601886,0.82,82.3
1765191724.7711954,0.82,82.4
1765191724.7820776,0.82,82.5
1765191724.7926223,0.83,82.6
1765191724.803524,0.83,82.7
1765191724.814435,0.83,82.8
1765191724.8251507,0.83,82.9
1765191724.835999,0.83,83.0
1765191724.8466723,0.83,83.1
1765191724.8574133,0.83,83.2
1765191724.8683813,0.83,83.3
1765191724.8790338,0.83,83.4
1765191724.8898985,0.83,83.5
1765191724.9005365,0.84,83.6
1765191724.9108946,0.84,83.7
1765191724.9222364,0.84,83.8
1765191724.93291,0.84,83.9
1765191724.943749,0.84,84.0
1765191724.9540489,0.84,84.1
1765191724.9648426,0.84,84.2
1765191724.9762003,0.84,84.3
1765191724.9870226,0.84,84.4
1765191724.9977198,0.84,84.5
1765191725.0084443,0.85,84.6
1765191725.0192559,0.85,84.7
1765191725.0301335,0.85,84.8
1765191725.0409713,0.85,84.9
1765191725.051616,0.85,85.0
1765191725.0619004,0.85,85.1
1765191725.073029,0.85,85.2
1765191725.0837336,0.85,85.3
1765191725.0943944,0.85,85.4
1765191725.1051853,0.85,85.5
1765191725.116159,0.86,85.6
1765191725.126873,0.86,85.7
1765191725.1375191,0.86,85.8
1765191725.1482258,0.86,85.9
1765191725.1591606,0.86,86.0
1765191725.1698267,0.86,86.1
1765191725.1807845,0.86,86.2
1765191725.1915507,0.86,86.3
1765191725.2022295,0.86,86.4
1765191725.2130513,0.86,86.5
1765191725.2240374,0.87,86.6
1765191725.234799,0.87,86.7
1765191725.2455893,0.87,86.8
1765191725.2564425,0.87,86.9
1765191725.2670808,0.87,87.0
1765191725.2776499,0.87,87.1
1765191725.288882,0.87,87.2
1765191725.2994463,0.87,87.3
1765191725.310304,0.87,87.4
1765191725.3212428,0.87,87.5
1765191725.3317401,0.88,87.6
1765191725.34255,0.88,87.7
1765191725.3531241,0.88,87.8
1765191725.3638806,0.88,87.9
1765191725.37482,0.88,88.0
1765191725.3858972,0.88,88.1
1765191725.3967862,0.88,88.2
1765191725.4076514,0.88,88.3
1765191725.4183757,0.88,88.4
1765191725.4289799,0.88,88.5
1765191725.4399137,0.89,88.6
1765191725.4507036,0.89,88.7
1765191725.4614284,0.89,88.8
1765191725.4723155,0.89,88.9
1765191725.4829721,0.89,89.0
1765191725.4935396,0.89,89.1
1765191725.504754,0.89,89.2
1765191725.5151315,0.89,89.3
1765191725.526213,0.89,89.4
1765191725.5369194,0.89,89.5
1765191725.5473826,0.9,89.6
1765191725.5581903,0.9,89.7
1765191725.5690455,0.9,89.8
1765191725.5796428,0.9,89.9
1765191725.5903647,0.9,90.0
1765191725.6012096,0.9,90.1
1765191725.6122706,0.9,90.2
1765191725.6231809,0.9,90.3
1765191725.633921,0.9,90.4
1765191725.644723,0.9,90.5
1765191725.6555996,0.91,90.6
1765191725.666391,0.91,90.7
1765191725.6769004,0.91,90.8
1765191725.6880302,0.91,90.9
1765191725.698392,0.91,91.0
1765191725.7096546,0.91,91.1
1765191725.72035,0.91,91.2
1765191725.7311087,0.91,91.3
1765191725.7414522,0.91,91.4
1765191725.7522326,0.91,91.5
1765191725.7630084,0.92,91.6
1765191725.7742832,0.92,91.7
1765191725.7848308,0.92,91.8
1765191725.7955747,0.92,91.9
1765191725.8063812,0.92,92.0
1765191725.8172991,0.92,92.1
1765191725.8280768,0.92,92.2
1765191725.838998,0.92,92.3
1765191725.8496354,0.92,92.4
1765191725.860186,0.92,92.5
1765191725.871419,0.93,92.6
1765191725.8821394,0.93,92.7
1765191725.8925235,0.93,92.8
1765191725.9037738,0.93,92.9
1765191725.914514,0.93,93.0
1765191725.9254813,0.93,93.1
1765191725.936206,0.93,93.2
1765191725.9464219,0.93,93.3
1765191725.957112,0.93,93.4
1765191725.9679477,0.93,93.5
1765191725.9792218,0.94,93.6
1765191725.9899962,0.94,93.7
1765191726.0008461,0.94,93.8
1765191726.0111208,0.94,93.9
1765191726.0223384,0.94,94.0
1765191726.0331445,0.94,94.1
1765191726.0438595,0.94,94.2
1765191726.0547245,0.94,94.3
1765191726.0653837,0.94,94.4
1765191726.0757565,0.94,94.5
1765191726.0871913,0.95,94.6
1765191726.097902,0.95,94.7
1765191726.1086192,0.95,94.8
1765191726.1193538,0.95,94.9
1765191726.1302853,0.95,95.0
1765191726.1410954,0.95,95.1
1765191726.151367,0.95,95.2
1765191726.162135,0.95,95.3
1765191726.1728594,0.95,95.4
1765191726.184001,0.95,95.5
1765191726.1946259,0.96,95.6
1765191726.2052674,0.96,95.7
1765191726.216273,0.96,95.8
1765191726.2269833,0.96,95.9
1765191726.2379065,0.96,96.0
1765191726.2488966,0.96,96.1
1765191726.259594,0.96,96.2
1765191726.2704916,0.96,96.3
1765191726.2811968,0.96,96.4
1765191726.2921386,0.96,96.5
1765191726.3027759,0.97,96.6
1765191726.3135986,0.97,96.7
1765191726.324056,0.97,96.8
1765191726.334852,0.97,96.9
1765191726.3455644,0.97,97.0
1765191726.3562553,0.97,97.1
1765191726.3671,0.97,97.2
1765191726.3778691,0.97,97.3
1765191726.3889573,0.97,97.4
1765191726.399454,0.97,97.5
1765191726.4102838,0.98,97.6
1765191726.4213943,0.98,97.7
1765191726.432028,0.98,97.8
1765191726.4430218,0.98,97.9
1765191726.4538167,0.98,98.0
1765191726.4646459,0.98,98.1
1765191726.475359,0.98,98.2
1765191726.4861429,0.98,98.3
1765191726.4968605,0.98,98.4
1765191726.507747,0.98,98.5
1765191726.5184882,0.99,98.6
1765191726.529069,0.99,98.7
1765191726.540041,0.99,98.8
1765191726.5502045,0.99,98.9
1765191726.5612211,0.99,99.0
1765191726.5719876,0.99,99.1
1765191726.582905,0.99,99.2
1765191726.5939636,0.99,99.3
1765191726.6049519,0.99,99.4
1765191726.6155932,0.99,99.5
1765191726.6264827,1.0,99.6
1765191726.637126,1.0,99.7
1765191726.6478157,1.0,99.8
1765191726.658342,1.0,99.9
1765191726.6694207,1.0,100.0
1765191726.6803455,1.0,100.1
1765191726.691121,1.0,100.2
1765191726.7019749,1.0,100.3
1765191726.712802,1.0,100.4
1765191726.723655,1.0,100.5
1765191726.7344759,1.01,100.6
1765191726.7450724,1.01,100.7
1765191726.7558563,1.01,100.8
1765191726.7666235,1.01,100.9
1765191726.7774413,1.01,101.0
1765191726.7886844,1.01,101.1
1765191726.799332,1.01,101.2
1765191726.8101354,1.01,101.3
1765191726.8211067,1.01,101.4
1765191726.8318522,1.01,101.5
1765191726.8425677,1.02,101.6
1765191726.8534706,1.02,101.7
1765191726.8643694,1.02,101.8
1765191726.8751514,1.02,101.9
1765191726.886081,1.02,102.0
1765191726.896767,1.02,102.1
1765191726.907626,1.02,102.2
1765191726.918368,1.02,102.3
1765191726.9291494,1.02,102.4
1765191726.9401546,1.02,102.5
1765191726.9504337,1.03,102.6
1765191726.961187,1.03,102.7
1765191726.9720466,1.03,102.8
1765191726.983265,1.03,102.9
1765191726.99407,1.03,103.0
1765191727.004808,1.03,103.1
1765191727.0157876,1.03,103.2
1765191727.0266497,1.03,103.3
1765191727.0373492,1.03,103.4
1765191727.0484905,1.03,103.5
1765191727.059062,1.04,103.6
1765191727.0697298,1.04,103.7
1765191727.0809386,1.04,103.8
1765191727.0914516,1.04,103.9
1765191727.1020947,1.04,104.0
1765191727.1132736,1.04,104.1
1765191727.12427,1.04,104.2
1765191727.13493,1.04,104.3
1765191727.1458635,1.04,104.4
1765191727.15623,1.04,104.5
1765191727.1670046,1.05,104.6
1765191727.1782236,1.05,104.7
1765191727.1891172,1.05,104.8
1765191727.1999078,1.05,104.9
1765191727.2103143,1.05,105.0
1765191727.2216897,1.05,105.1
1765191727.232346,1.05,105.2
1765191727.243243,1.05,105.3
1765191727.2540643,1.05,105.4
1765191727.2648606,1.05,105.5
1765191727.2757218,1.06,105.6
1765191727.286507,1.06,105.7
1765191727.297171,1.06,105.8
1765191727.307786,1.06,105.9
1765191727.3186831,1.06,106.0
1765191727.3297422,1.06,106.1
1765191727.340585,1.06,106.2
1765191727.3509884,1.06,106.3
1765191727.361894,1.06,106.4
1765191727.3725557,1.06,106.5
1765191727.3837109,1.07,106.6
1765191727.3941648,1.07,106.7
1765191727.4053931,1.07,106.8
1765191727.4161215,1.07,106.9
1765191727.4269195,1.07,107.0
1765191727.437813,1.07,107.1
1765191727.4487135,1.07,107.2
1765191727.4594667,1.07,107.3
1765191727.470416,1.07,107.4
1765191727.4810927,1.07,107.5
1765191727.492253,1.08,107.6
1765191727.5028427,1.08,107.7
1765191727.5136516,1.08,107.8
1765191727.524392,1.08,107.9
1765191727.535293,1.08,108.0
1765191727.5460837,1.08,108.1
1765191727.5564551,1.08,108.2
1765191727.5674253,1.08,108.3
1765191727.5783486,1.08,108.4
1765191727.5894964,1.08,108.5
1765191727.6002867,1.09,108.6
1765191727.6109614,1.09,108.7
1765191727.6218078,1.09,108.8
1765191727.6326067,1.09,108.9
1765191727.643342,1.09,109.0
1765191727.6543627,1.09,109.1
1765191727.665018,1.09,109.2
1765191727.6758063,1.09,109.3
1765191727.6867976,1.09,109.4
1765191727.6976693,1.09,109.5
1765191727.708026,1.1,109.6
1765191727.7191608,1.1,109.7
1765191727.7297275,1.1,109.8
1765191727.7407732,1.1,109.9
1765191727.7513967,1.1,110.0
1765191727.7631905,1.1,110.1
1765191727.7731237,1.1,110.2
1765191727.7838707,1.1,110.3
1765191727.7947304,1.1,110.4
1765191727.805894,1.1,110.5
1765191727.8166175,1.11,110.6
1765191727.8271785,1.11,110.7
1765191727.8381314,1.11,110.8
1765191727.8491428,1.11,110.9
1765191727.859901,1.11,111.0
1765191727.8708172,1.11,111.1
1765191727.8814383,1.11,111.2
1765191727.8922853,1.11,111.3
1765191727.9034321,1.11,111.4
1765191727.9138741,1.11,111.5
1765191727.924879,1.12,111.6
1765191727.9357927,1.12,111.7
1765191727.9464722,1.12,111.8
1765191727.9569597,1.12,111.9
1765191727.9677222,1.12,112.0
1765191727.978543,1.12,112.1
1765191727.9898806,1.12,112.2
1765191728.0004833,1.12,112.3
1765191728.0113394,1.12,112.4
1765191728.0222912,1.12,112.5
1765191728.0329387,1.13,112.6
1765191728.0440304,1.13,112.7
1765191728.0545964,1.13,112.8
1765191728.0656796,1.13,112.9
1765191728.076397,1.13,113.0
1765191728.0866914,1.13,113.1
1765191728.0975661,1.13,113.2
1765191728.1083071,1.13,113.3
1765191728.1192157,1.13,113.4
1765191728.130098,1.13,113.5
1765191728.1409428,1.14,113.6
1765191728.1516068,1.14,113.7
1765191728.1624115,1.14,113.8
1765191728.1735227,1.14,113.9
1765191728.1841428,1.14,114.0
1765191728.1950533,1.14,114.1
1765191728.2057455,1.14,114.2
1765191728.2165275,1.14,114.3
1765191728.2275271,1.14,114.4
1765191728.23808,1.14,114.5
1765191728.2491174,1.15,114.6
1765191728.2600935,1.15,114.7
1765191728.270512,1.15,114.8
1765191728.281538,1.15,114.9
1765191728.2926748,1.15,115.0
1765191728.303208,1.15,115.1
1765191728.3140163,1.15,115.2
1765191728.3248994,1.15,115.3
1765191728.3356915,1.15,115.4
1765191728.3464565,1.15,115.5
1765191728.3573427,1.16,115.6
1765191728.3680804,1.16,115.7
1765191728.3790953,1.16,115.8
1765191728.3897092,1.16,115.9
1765191728.4004798,1.16,116.0
1765191728.4113884,1.16,116.1
1765191728.4220593,1.16,116.2
1765191728.4330466,1.16,116.3
1765191728.4438493,1.16,116.4
1765191728.4545956,1.16,116.5
1765191728.4656672,1.17,116.6
1765191728.4764388,1.17,116.7
1765191728.4872537,1.17,116.8
1765191728.49809,1.17,116.9
1765191728.508768,1.17,117.0
1765191728.520006,1.17,117.1
1765191728.5306456,1.17,117.2
1765191728.5416892,1.17,117.3
1765191728.5520716,1.17,117.4
1765191728.5631208,1.17,117.5
1765191728.5737998,1.18,117.6
1765191728.5849462,1.18,117.7
1765191728.5956323,1.18,117.8
1765191728.606588,1.18,117.9
1765191728.6176267,1.18,118.0
1765191728.6282198,1.18,118.1
1765191728.6392684,1.18,118.2
1765191728.6499226,1.18,118.3
1765191728.6605372,1.18,118.4
1765191728.6716855,1.18,118.5
1765191728.6823378,1.19,118.6
1765191728.6934087,1.19,118.7
1765191728.7040806,1.19,118.8
1765191728.7147558,1.19,118.9
1765191728.7256148,1.19,119.0
1765191728.73665,1.19,119.1
1765191728.7473211,1.19,119.2
1765191728.757935,1.19,119.3
1765191728.768683,1.19,119.4
1765191728.7794654,1.19,119.5
1765191728.7906122,1.2,119.6
1765191728.8014114,1.2,119.7
1765191728.8123097,1.2,119.8
1765191728.8227813,1.2,119.9
1765191728.8338568,1.2,120.0
1765191728.8446834,1.2,120.1
1765191728.8556023,1.2,120.2
1765191728.866398,1.2,120.3
1765191728.8768792,1.2,120.4
1765191728.8881505,1.21,120.5
1765191728.8988738,1.21,120.6
1765191728.9094994,1.21,120.7
1765191728.9206333,1.21,120.8
1765191728.9313462,1.21,120.9
1765191728.9426394,1.21,121.0
1765191728.9527872,1.21,121.1
1765191728.963471,1.21,121.2
1765191728.9743075,1.21,121.3
1765191728.9851274,1.21,121.4
1765191728.9962258,1.22,121.5
1765191729.006971,1.22,121.6
1765191729.0178673,1.22,121.7
1765191729.02881,1.22,121.8
1765191729.0396845,1.22,121.9
1765191729.0502436,1.22,122.0
1765191729.0609097,1.22,122.1
1765191729.0721893,1.22,122.2
1765191729.0826602,1.22,122.3
1765191729.0935261,1.22,122.4
1765191729.1046758,1.23,122.5
1765191729.1149604,1.23,122.6
1765191729.1258903,1.23,122.7
1765191729.1370752,1.23,122.8
1765191729.147487,1.23,122.9
1765191729.1582232,1.23,123.0
1765191729.1690183,1.23,123.1
1765191729.1799357,1.23,123.2
1765191729.1911137,1.23,123.3
1765191729.2017844,1.23,123.4
1765191729.2126894,1.24,123.5
1765191729.223441,1.24,123.6
1765191729.23442,1.24,123.7
1765191729.2450137,1.24,123.8
1765191729.2561252,1.24,123.9
1765191729.2667644,1.24,124.0
1765191729.2775075,1.24,124.1
1765191729.28855,1.24,124.2
1765191729.2993195,1.24,124.3
1765191729.3099427,1.24,124.4
1765191729.32098,1.25,124.5
1765191729.331899,1.25,124.6
1765191729.342932,1.25,124.7
1765191729.3533952,1.25,124.8
1765191729.3639367,1.25,124.9
1765191729.3748014,1.25,125.0
1765191729.3856354,1.25,125.1
1765191729.3965921,1.25,125.2
1765191729.407706,1.25,125.3
1765191729.4185216,1.25,125.4
1765191729.4293318,1.26,125.5
1765191729.4400902,1.26,125.6
1765191729.4511127,1.26,125.7
1765191729.4616573,1.26,125.8
1765191729.4727612,1.26,125.9
1765191729.4834187,1.26,126.0
1765191729.4937866,1.26,126.1
1765191729.5051854,1.26,126.2
1765191729.515508,1.26,126.3
1765191729.5265439,1.26,126.4
1765191729.5374708,1.27,126.5
1765191729.548321,1.27,126.6
1765191729.5589175,1.27,126.7
1765191729.5695322,1.27,126.8
1765191729.5804684,1.27,126.9
1765191729.5917284,1.27,127.0
1765191729.602656,1.27,127.1
1765191729.6131883,1.27,127.2
1765191729.624198,1.27,127.3
1765191729.635079,1.27,127.4
1765191729.6456287,1.28,127.5
1765191729.6562805,1.28,127.6
1765191729.6674848,1.28,127.7
1765191729.678283,1.28,127.8
1765191729.6891823,1.28,127.9
1765191729.6997843,1.28,128.0
1765191729.7103856,1.28,128.1
1765191729.7217624,1.28,128.2
1765191729.7320633,1.28,128.3
1765191729.7431245,1.28,128.4
1765191729.754054,1.29,128.5
1765191729.7643151,1.29,128.6
1765191729.7755613,1.29,128.7
1765191729.7862074,1.29,128.8
1765191729.797451,1.29,128.9
1765191729.8081682,1.29,129.0
1765191729.819024,1.29,129.1
1765191729.8294373,1.29,129.2
1765191729.840797,1.29,129.3
1765191729.8516288,1.29,129.4
1765191729.8620486,1.3,129.5
1765191729.8731308,1.3,129.6
1765191729.8840451,1.3,129.7
1765191729.8948386,1.3,129.8
1765191729.9056983,1.3,129.9
1765191729.9162853,1.3,130.0
1765191729.9267924,1.3,130.1
1765191729.9381082,1.3,130.2
1765191729.9489257,1.3,130.3
1765191729.9598172,1.3,130.4
1765191729.9702146,1.31,130.5
1765191729.9809682,1.31,130.6
1765191729.9925869,1.31,130.7
1765191730.0030453,1.31,130.8
1765191730.0137544,1.31,130.9
1765191730.024645,1.31,131.0
1765191730.0354385,1.31,131.1
1765191730.0463345,1.31,131.2
1765191730.0570695,1.31,131.3
1765191730.0679183,1.31,131.4
1765191730.078702,1.32,131.5
1765191730.089489,1.32,131.6
1765191730.100332,1.32,131.7
1765191730.1110826,1.32,131.8
1765191730.1219223,1.32,131.9
1765191730.1328273,1.32,132.0
1765191730.1433077,1.32,132.1
1765191730.1546073,1.32,132.2
1765191730.1649518,1.32,132.3
1765191730.1761024,1.32,132.4
1765191730.18667,1.33,132.5
1765191730.1977124,1.33,132.6
1765191730.2087448,1.33,132.7
1765191730.219241,1.33,132.8
1765191730.23011,1.33,132.9
1765191730.2408392,1.33,133.0
1765191730.2518933,1.33,133.1
1765191730.2626846,1.33,133.2
1765191730.2732344,1.33,133.3
1765191730.2842689,1.33,133.4
1765191730.295012,1.34,133.5
1765191730.306032,1.34,133.6
1765191730.316806,1.34,133.7
1765191730.327502,1.34,133.8
1765191730.3384595,1.34,133.9
1765191730.349316,1.34,134.0
1765191730.3598993,1.34,134.1
1765191730.3705654,1.34,134.2
1765191730.3814642,1.34,134.3
1765191730.3922532,1.34,134.4
1765191730.4034877,1.35,134.5
1765191730.4143262,1.35,134.6
1765191730.42543,1.35,134.7
1765191730.4359863,1.35,134.8
1765191730.4469426,1.35,134.9
1765191730.4576874,1.35,135.0
1765191730.468365,1.35,135.1
1765191730.4793131,1.35,135.2
1765191730.490097,1.35,135.3
1765191730.5010827,1.35,135.4
1765191730.5116692,1.36,135.5
1765191730.522642,1.36,135.6
1765191730.5333025,1.36,135.7
1765191730.543958,1.36,135.8
1765191730.5550725,1.36,135.9
1765191730.5654676,1.36,136.0
1765191730.5765653,1.36,136.1
1765191730.5871348,1.36,136.2
1765191730.5984128,1.36,136.3
1765191730.6089694,1.36,136.4
1765191730.62016,1.37,136.5
1765191730.630951,1.37,136.6
1765191730.64187,1.37,136.7
1765191730.652677,1.37,136.8
1765191730.6634707,1.37,136.9
1765191730.67425,1.37,137.0
1765191730.685001,1.37,137.1
1765191730.6959386,1.37,137.2
1765191730.7066562,1.37,137.3
1765191730.71755,1.37,137.4
1765191730.7282808,1.38,137.5
1765191730.7392166,1.38,137.6
1765191730.7500389,1.38,137.7
1765191730.760648,1.38,137.8
1765191730.7712407,1.38,137.9
1765191730.7820678,1.38,138.0
1765191730.7932887,1.38,138.1
1765191730.804102,1.38,138.2
1765191730.814905,1.38,138.3
1765191730.8256643,1.38,138.4
1765191730.8366902,1.39,138.5
1765191730.8473575,1.39,138.6
1765191730.8583562,1.39,138.7
1765191730.8690758,1.39,138.8
1765191730.879949,1.39,138.9
1765191730.8906944,1.39,139.0
1765191730.9015405,1.39,139.1
1765191730.912306,1.39,139.2
1765191730.9231217,1.39,139.3
1765191730.9341388,1.39,139.4
1765191730.9448676,1.4,139.5
1765191730.9558702,1.4,139.6
1765191730.9660156,1.4,139.7
1765191730.9769607,1.4,139.8
1765191730.9876685,1.4,139.9
1765191730.998875,1.4,140.0
1765191731.009856,1.4,140.1
1765191731.0207682,1.4,140.2
1765191731.031323,1.4,140.3
1765191731.0425384,1.4,140.4
1765191731.0533297,1.41,140.5
1765191731.0640159,1.41,140.6
1765191731.0749,1.41,140.7
1765191731.085749,1.41,140.8
1765191731.096335,1.41,140.9
1765191731.1072638,1.41,141.0
1765191731.1180444,1.41,141.1
1765191731.128907,1.41,141.2
1765191731.139664,1.41,141.3
1765191731.1504598,1.41,141.4
1765191731.1611714,1.42,141.5
1765191731.1716545,1.42,141.6
1765191731.1825953,1.42,141.7
1765191731.193668,1.42,141.8
1765191731.2049122,1.42,141.9
1765191731.2152507,1.42,142.0
1765191731.226466,1.42,142.1
1765191731.2373295,1.42,142.2
1765191731.2477224,1.42,142.3
1765191731.2589228,1.42,142.4
1765191731.2697558,1.43,142.5
1765191731.280597,1.43,142.6
1765191731.2913308,1.43,142.7
1765191731.302343,1.43,142.8
1765191731.3129826,1.43,142.9
1765191731.3238966,1.43,143.0
1765191731.3347487,1.43,143.1
1765191731.3453956,1.43,143.2
1765191731.356195,1.43,143.3
1765191731.3665776,1.43,143.4
1765191731.377456,1.44,143.5
1765191731.3881896,1.44,143.6
1765191731.3996668,1.44,143.7
1765191731.4103541,1.44,143.8
1765191731.4211452,1.44,143.9
1765191731.4319015,1.44,144.0
1765191731.4428384,1.44,144.1
1765191731.4535813,1.44,144.2
1765191731.4645169,1.44,144.3
1765191731.4757533,1.44,144.4
1765191731.4861505,1.45,144.5
1765191731.4970584,1.45,144.6
1765191731.5077965,1.45,144.7
1765191731.518755,1.45,144.8
1765191731.5294592,1.45,144.9
1765191731.5403476,1.45,145.0
1765191731.5512047,1.45,145.1
1765191731.5620246,1.45,145.2
1765191731.5723548,1.45,145.3
1765191731.5833006,1.45,145.4
1765191731.5942388,1.46,145.5
1765191731.6052153,1.46,145.6
1765191731.6160371,1.46,145.7
1765191731.626801,1.46,145.8
1765191731.6377323,1.46,145.9
1765191731.6485622,1.46,146.0
1765191731.6594636,1.46,146.1
1765191731.6703053,1.46,146.2
1765191731.6813464,1.46,146.3
1765191731.6921687,1.46,146.4
1765191731.70303,1.47,146.5
1765191731.7137165,1.47,146.6
1765191731.7246192,1.47,146.7
1765191731.735435,1.47,146.8
1765191731.746049,1.47,146.9
1765191731.7568276,1.47,147.0
1765191731.7672546,1.47,147.1
1765191731.7782376,1.47,147.2
1765191731.7890642,1.47,147.3
1765191731.8003623,1.47,147.4
1765191731.8107672,1.48,147.5
1765191731.8218722,1.48,147.6
1765191731.8326821,1.48,147.7
1765191731.8432896,1.48,147.8
1765191731.8544178,1.48,147.9
1765191731.86489,1.48,148.0
1765191731.8760653,1.48,148.1
1765191731.8866358,1.48,148.2
1765191731.8978226,1.48,148.3
1765191731.9089432,1.48,148.4
1765191731.9194174,1.49,148.5
1765191731.9302688,1.49,148.6
1765191731.940982,1.49,148.7
1765191731.9519017,1.49,148.8
1765191731.9626687,1.49,148.9
1765191731.9730616,1.49,149.0
1765191731.9839616,1.49,149.1
1765191731.9949265,1.49,149.2
1765191732.0060332,1.49,149.3
1765191732.017027,1.49,149.4
1765191732.0275352,1.5,149.5
1765191732.03849,1.5,149.6
1765191732.0489526,1.5,149.7
1765191732.0598335,1.5,149.8
1765191732.0711024,1.5,149.9
1765191732.0816596,1.5,150.0
1765191732.0922203,1.5,150.1
1765191732.1032646,1.5,150.2
1765191732.1141276,1.5,150.3
1765191732.1252358,1.5,150.4
1765191732.135876,1.51,150.5
1765191732.146402,1.51,150.6
1765191732.157273,1.51,150.7
1765191732.1678977,1.51,150.8
1765191732.1788275,1.51,150.9
1765191732.1896267,1.51,151.0
1765191732.2006853,1.51,151.1
1765191732.2114186,1.51,151.2
1765191732.222378,1.51,151.3
1765191732.2333083,1.51,151.4
1765191732.2436662,1.52,151.5
1765191732.2545938,1.52,151.6
1765191732.2658002,1.52,151.7
1765191732.2763464,1.52,151.8
1765191732.2873178,1.52,151.9
1765191732.2979026,1.52,152.0
1765191732.30897,1.52,152.1
1765191732.3198519,1.52,152.2
1765191732.3306546,1.52,152.3
1765191732.3414469,1.52,152.4
1765191732.352442,1.53,152.5
1765191732.3630579,1.53,152.6
1765191732.3733885,1.53,152.7
1765191732.3843303,1.53,152.8
1765191732.3953054,1.53,152.9
1765191732.4064617,1.53,153.0
1765191732.4172497,1.53,153.1
1765191732.4279659,1.53,153.2
1765191732.4389453,1.53,153.3
1765191732.4495928,1.53,153.4
1765191732.4601278,1.54,153.5
1765191732.47136,1.54,153.6
1765191732.482204,1.54,153.7
1765191732.492861,1.54,153.8
1765191732.5039735,1.54,153.9
1765191732.5143824,1.54,154.0
1765191732.5258281,1.54,154.1
1765191732.5363772,1.54,154.2
1765191732.547271,1.54,154.3
1765191732.557935,1.54,154.4
1765191732.5684042,1.55,154.5
1765191732.5792341,1.55,154.6
1765191732.5899315,1.55,154.7
1765191732.601324,1.55,154.8
1765191732.6118908,1.55,154.9
1765191732.6229408,1.55,155.0
1765191732.6338286,1.55,155.1
1765191732.6445508,1.55,155.2
1765191732.6553714,1.55,155.3
1765191732.666225,1.55,155.4
1765191732.6768289,1.56,155.5
1765191732.6879225,1.56,155.6
1765191732.6987567,1.56,155.7
1765191732.7093906,1.56,155.8
1765191732.720521,1.56,155.9
1765191732.7312508,1.56,156.0
1765191732.7423897,1.56,156.1
1765191732.7528322,1.56,156.2
1765191732.7633975,1.56,156.3
1765191732.7740679,1.56,156.4
1765191732.7849188,1.57,156.5
1765191732.7968776,1.57,156.6
1765191732.8065917,1.57,156.7
1765191732.8176198,1.57,156.8
1765191732.8284552,1.57,156.9
1765191732.8397558,1.57,157.0
1765191732.8503718,1.57,157.1
1765191732.8610685,1.57,157.2
1765191732.8717866,1.57,157.3
1765191732.8830972,1.57,157.4
1765191732.8934824,1.58,157.5
1765191732.9047484,1.58,157.6
1765191732.9151306,1.58,157.7
1765191732.9263756,1.58,157.8
1765191732.9371014,1.58,157.9
1765191732.947606,1.58,158.0
1765191732.9590747,1.58,158.1
1765191732.9693043,1.58,158.2
1765191732.9800255,1.58,158.3
1765191732.990722,1.58,158.4
1765191733.0020335,1.59,158.5
1765191733.0128253,1.59,158.6
1765191733.023594,1.59,158.7
1765191733.034594,1.59,158.8
1765191733.0452065,1.59,158.9
1765191733.0562258,1.59,159.0
1765191733.0666695,1.59,159.1
1765191733.077548,1.59,159.2
1765191733.0882876,1.59,159.3
1765191733.099619,1.59,159.4
1765191733.1099267,1.6,159.5
1765191733.1210775,1.6,159.6
1765191733.1317103,1.6,159.7
1765191733.1426845,1.6,159.8
1765191733.1536438,1.6,159.9
1765191733.1643794,1.6,160.0
1765191733.1746852,1.6,160.1
1765191733.1856632,1.6,160.2
1765191733.1964333,1.6,160.3
1765191733.2076907,1.6,160.4
1765191733.2184865,1.61,160.5
1765191733.2292857,1.61,160.6
1765191733.2400591,1.61,160.7
1765191733.2508311,1.61,160.8
1765191733.261545,1.61,160.9
1765191733.272516,1.61,161.0
1765191733.283358,1.61,161.1
1765191733.293855,1.61,161.2
1765191733.3049972,1.61,161.3
1765191733.3158157,1.61,161.4
1765191733.3265872,1.62,161.5
1765191733.3377042,1.62,161.6
1765191733.3480473,1.62,161.7
1765191733.3590899,1.62,161.8
1765191733.3699105,1.62,161.9
1765191733.38049,1.62,162.0
1765191733.3912098,1.62,162.1
1765191733.4020953,1.62,162.2
1765191733.413377,1.62,162.3
1765191733.4241412,1.62,162.4
1765191733.435098,1.63,162.5
1765191733.4455056,1.63,162.6
1765191733.456634,1.63,162.7
1765191733.4672077,1.63,162.8
1765191733.4781005,1.63,162.9
1765191733.4891493,1.63,163.0
1765191733.4998136,1.63,163.1
1765191733.5103884,1.63,163.2
1765191733.5215662,1.63,163.3
1765191733.5321906,1.63,163.4
1765191733.5430167,1.64,163.5
1765191733.5539978,1.64,163.6
1765191733.5647838,1.64,163.7
1765191733.575562,1.64,163.8
1765191733.586143,1.64,163.9
1765191733.5969124,1.64,164.0
1765191733.6082768,1.64,164.1
1765191733.6191134,1.64,164.2
1765191733.6299455,1.64,164.3
1765191733.6406968,1.64,164.4
1765191733.6516302,1.65,164.5
1765191733.662101,1.65,164.6
1765191733.6731608,1.65,164.7
1765191733.6840062,1.65,164.8
1765191733.694424,1.65,164.9
1765191733.7057745,1.65,165.0
1765191733.7163453,1.65,165.1
1765191733.7269902,1.65,165.2
1765191733.7381556,1.65,165.3
1765191733.7488503,1.65,165.4
1765191733.759718,1.66,165.5
1765191733.7705486,1.66,165.6
1765191733.7810092,1.66,165.7
1765191733.7918339,1.66,165.8
1765191733.802849,1.66,165.9
1765191733.8139153,1.66,166.0
1765191733.8248851,1.66,166.1
1765191733.8356767,1.66,166.2
1765191733.8460257,1.66,166.3
1765191733.8572965,1.66,166.4
1765191733.8681052,1.67,166.5
1765191733.8788946,1.67,166.6
1765191733.8896604,1.67,166.7
1765191733.9003015,1.67,166.8
1765191733.911216,1.67,166.9
1765191733.9223056,1.67,167.0
1765191733.932707,1.67,167.1
1765191733.943465,1.67,167.2
1765191733.954675,1.67,167.3
1765191733.9652507,1.67,167.4
1765191733.976657,1.68,167.5
1765191733.9866693,1.68,167.6
1765191733.9977717,1.68,167.7
1765191734.0091496,1.68,167.8
1765191734.0198023,1.68,167.9
1765191734.0304573,1.68,168.0
1765191734.0413802,1.68,168.1
1765191734.051821,1.68,168.2
1765191734.0630724,1.68,168.3
1765191734.0737746,1.68,168.4
1765191734.084644,1.69,168.5
1765191734.0954053,1.69,168.6
1765191734.106287,1.69,168.7
1765191734.116887,1.69,168.8
1765191734.1278293,1.69,168.9
1765191734.1388874,1.69,169.0
1765191734.1494365,1.69,169.1
1765191734.1600451,1.69,169.2
1765191734.1711254,1.69,169.3
1765191734.181461,1.69,169.4
1765191734.1928184,1.7,169.5
1765191734.2032833,1.7,169.6
1765191734.214491,1.7,169.7
1765191734.225533,1.7,169.8
1765191734.2361445,1.7,169.9
1765191734.246876,1.7,170.0
1765191734.2573626,1.7,170.1
1765191734.2686732,1.7,170.2
1765191734.2792222,1.7,170.3
1765191734.2903724,1.7,170.4
1765191734.3011956,1.71,170.5
1765191734.3116539,1.71,170.6
1765191734.3227558,1.71,170.7
1765191734.3332279,1.71,170.8
1765191734.344344,1.71,170.9
1765191734.355227,1.71,171.0
1765191734.3660102,1.71,171.1
1765191734.3768556,1.71,171.2
1765191734.387127,1.71,171.3
1765191734.398167,1.71,171.4
1765191734.409435,1.72,171.5
1765191734.420207,1.72,171.6
1765191734.43096,1.72,171.7
1765191734.442128,1.72,171.8
1765191734.4526417,1.72,171.9
1765191734.4633055,1.72,172.0
1765191734.4742284,1.72,172.1
1765191734.4850063,1.72,172.2
1765191734.4958687,1.72,172.3
1765191734.5067444,1.72,172.4
1765191734.5175612,1.73,172.5
1765191734.5282547,1.73,172.6
1765191734.539061,1.73,172.7
1765191734.5500247,1.73,172.8
1765191734.5603962,1.73,172.9
1765191734.5717084,1.73,173.0
1765191734.5819397,1.73,173.1
1765191734.5932984,1.73,173.2
1765191734.603624,1.73,173.3
1765191734.6148531,1.73,173.4
1765191734.6258166,1.74,173.5
1765191734.636487,1.74,173.6
1765191734.6472712,1.74,173.7
1765191734.6583517,1.74,173.8
1765191734.6692522,1.74,173.9
1765191734.6799586,1.74,174.0
1765191734.690726,1.74,174.1
1765191734.7017229,1.74,174.2
1765191734.7120757,1.74,174.3
1765191734.723397,1.74,174.4
1765191734.733961,1.75,174.5
1765191734.7449112,1.75,174.6
1765191734.7557962,1.75,174.7
1765191734.7667167,1.75,174.8
1765191734.7769144,1.75,174.9
1765191734.7877991,1.75,175.0
1765191734.7985485,1.75,175.1
1765191734.8095767,1.75,175.2
1765191734.8206239,1.75,175.3
1765191734.8314135,1.75,175.4
1765191734.842494,1.76,175.5
1765191734.8531446,1.76,175.6
1765191734.8639657,1.76,175.7
1765191734.8748052,1.76,175.8
1765191734.8856966,1.76,175.9
1765191734.8963525,1.76,176.0
1765191734.9073355,1.76,176.1
1765191734.9180279,1.76,176.2
1765191734.9289367,1.76,176.3
1765191734.939765,1.76,176.4
1765191734.9506202,1.77,176.5
1765191734.9614031,1.77,176.6
1765191734.9722862,1.77,176.7
1765191734.9827397,1.77,176.8
1765191734.9936237,1.77,176.9
1765191735.0044057,1.77,177.0
1765191735.0154934,1.77,177.1
1765191735.0265284,1.77,177.2
1765191735.0371964,1.77,177.3
1765191735.0477886,1.77,177.4
1765191735.0588598,1.78,177.5
1765191735.069635,1.78,177.6
1765191735.0805554,1.78,177.7
1765191735.0913918,1.78,177.8
1765191735.1024013,1.78,177.9
1765191735.112808,1.78,178.0
1765191735.1236436,1.78,178.1
1765191735.1348085,1.78,178.2
1765191735.1456196,1.78,178.3
1765191735.156414,1.78,178.4
1765191735.1672182,1.79,178.5
1765191735.1775744,1.79,178.6
1765191735.1882467,1.79,178.7
1765191735.1992083,1.79,178.8
1765191735.2102022,1.79,178.9
1765191735.2214115,1.79,179.0
1765191735.232058,1.79,179.1
1765191735.2428637,1.79,179.2
1765191735.2538445,1.79,179.3
1765191735.2644784,1.79,179.4
1765191735.2754614,1.8,179.5
1765191735.2863004,1.8,179.6
1765191735.2970822,1.8,179.7
1765191735.307861,1.8,179.8
1765191735.3186853,1.8,179.9
1765191735.3295324,1.8,180.0
1765191735.3402765,1.8,180.1
1765191735.3512805,1.8,180.2
1765191735.3618867,1.8,180.3
1765191735.3729029,1.8,180.4
1765191735.3832288,1.81,180.5
1765191735.3939967,1.81,180.6
1765191735.4051487,1.81,180.7
1765191735.4158359,1.81,180.8
1765191735.4271367,1.81,180.9
1765191735.4376867,1.81,181.0
1765191735.4486384,1.81,181.1
1765191735.4596553,1.81,181.2
1765191735.4701178,1.81,181.3
1765191735.4809396,1.81,181.4
1765191735.4925897,1.82,181.5
1765191735.5028312,1.82,181.6
1765191735.513319,1.82,181.7
1765191735.5241485,1.82,181.8
1765191735.5349855,1.82,181.9
1765191735.5460792,1.82,182.0
1765191735.556847,1.82,182.1
1765191735.5676966,1.82,182.2
1765191735.578498,1.82,182.3
1765191735.588959,1.82,182.4
1765191735.5999267,1.83,182.5
1765191735.610806,1.83,182.6
1765191735.6219418,1.83,182.7
1765191735.6326094,1.83,182.8
1765191735.6433644,1.83,182.9
1765191735.654349,1.83,183.0
1765191735.6650026,1.83,183.1
1765191735.675888,1.83,183.2
1765191735.686635,1.83,183.3
1765191735.6976733,1.83,183.4
1765191735.7086806,1.84,183.5
1765191735.7194805,1.84,183.6
1765191735.7298424,1.84,183.7
1765191735.7410846,1.84,183.8
1765191735.7517672,1.84,183.9
1765191735.7627165,1.84,184.0
1765191735.773449,1.84,184.1
1765191735.7837543,1.84,184.2
1765191735.7947037,1.84,184.3
1765191735.805409,1.84,184.4
1765191735.8168745,1.85,184.5
1765191735.8273566,1.85,184.6
1765191735.8385108,1.85,184.7
1765191735.8491702,1.85,184.8
1765191735.859819,1.85,184.9
1765191735.870922,1.85,185.0
1765191735.8817449,1.85,185.1
1765191735.8925471,1.85,185.2
1765191735.9033935,1.85,185.3
1765191735.9142487,1.85,185.4
1765191735.9252648,1.86,185.5
1765191735.9359455,1.86,185.6
1765191735.946592,1.86,185.7
1765191735.9575415,1.86,185.8
1765191735.9683475,1.86,185.9
1765191735.9791837,1.86,186.0
1765191735.9895144,1.86,186.1
1765191736.000443,1.86,186.2
1765191736.0112586,1.86,186.3
1765191736.0225894,1.86,186.4
1765191736.0333703,1.87,186.5
1765191736.044227,1.87,186.6
1765191736.0550418,1.87,186.7
1765191736.065629,1.87,186.8
1765191736.0763726,1.87,186.9
1765191736.08744,1.87,187.0
1765191736.0983703,1.87,187.1
1765191736.1089664,1.87,187.2
1765191736.1199157,1.87,187.3
1765191736.1308067,1.87,187.4
1765191736.1417477,1.88,187.5
1765191736.1524284,1.88,187.6
1765191736.1631489,1.88,187.7
1765191736.1740725,1.88,187.8
1765191736.184447,1.88,187.9
1765191736.1954043,1.88,188.0
1765191736.2060726,1.88,188.1
1765191736.2172306,1.88,188.2
1765191736.2280636,1.88,188.3
1765191736.2388322,1.88,188.4
1765191736.2497468,1.89,188.5
1765191736.2602475,1.89,188.6
1765191736.2714217,1.89,188.7
1765191736.2822697,1.89,188.8
1765191736.2930257,1.89,188.9
1765191736.303989,1.89,189.0
1765191736.3146245,1.89,189.1
1765191736.325469,1.89,189.2
1765191736.3364131,1.89,189.3
1765191736.3473194,1.89,189.4
1765191736.358172,1.9,189.5
1765191736.3692162,1.9,189.6
1765191736.3798423,1.9,189.7
1765191736.3904977,1.9,189.8
1765191736.4009626,1.9,189.9
1765191736.4118657,1.9,190.0
1765191736.423204,1.9,190.1
1765191736.4334533,1.9,190.2
1765191736.4445393,1.9,190.3
1765191736.4554381,1.9,190.4
1765191736.4661083,1.91,190.5
1765191736.4768515,1.91,190.6
1765191736.4878898,1.91,190.7
1765191736.4985855,1.91,190.8
1765191736.5095809,1.91,190.9
1765191736.5206685,1.91,191.0
1765191736.5312219,1.91,191.1
1765191736.5420785,1.91,191.2
1765191736.5529664,1.91,191.3
1765191736.5636532,1.91,191.4
1765191736.5746171,1.92,191.5
1765191736.5849826,1.92,191.6
1765191736.5958564,1.92,191.7
1765191736.6066446,1.92,191.8
1765191736.617825,1.92,191.9
1765191736.628473,1.92,192.0
1765191736.6395805,1.92,192.1
1765191736.6505115,1.92,192.2
1765191736.6609898,1.92,192.3
1765191736.6718144,1.92,192.4
1765191736.6826568,1.93,192.5
1765191736.6933458,1.93,192.6
1765191736.7046084,1.93,192.7
1765191736.715217,1.93,192.8
1765191736.726115,1.93,192.9
1765191736.7370675,1.93,193.0
1765191736.7476535,1.93,193.1
1765191736.7591622,1.93,193.2
1765191736.7696133,1.93,193.3
1765191736.7802553,1.93,193.4
1765191736.7909358,1.94,193.5
1765191736.8016195,1.94,193.6
1765191736.8125067,1.94,193.7
1765191736.823676,1.94,193.8
1765191736.8346968,1.94,193.9
1765191736.845042,1.94,194.0
1765191736.8559098,1.94,194.1
1765191736.866987,1.94,194.2
1765191736.8777213,1.94,194.3
1765191736.8887994,1.94,194.4
1765191736.899397,1.95,194.5
1765191736.9098904,1.95,194.6
1765191736.9211504,1.95,194.7
1765191736.9319866,1.95,194.8
1765191736.9426024,1.95,194.9
1765191736.953629,1.95,195.0
1765191736.9643102,1.95,195.1
1765191736.9751515,1.95,195.2
1765191736.9860997,1.95,195.3
1765191736.9963815,1.95,195.4
1765191737.0072546,1.96,195.5
1765191737.0181828,1.96,195.6
1765191737.029298,1.96,195.7
1765191737.0401564,1.96,195.8
1765191737.0511367,1.96,195.9
1765191737.0617719,1.96,196.0
1765191737.0725899,1.96,196.1
1765191737.083563,1.96,196.2
1765191737.093862,1.96,196.3
1765191737.1051126,1.96,196.4
1765191737.1158836,1.97,196.5
1765191737.1265585,1.97,196.6
1765191737.137666,1.97,196.7
1765191737.1484857,1.97,196.8
1765191737.1592538,1.97,196.9
1765191737.1700907,1.97,197.0
1765191737.1810725,1.97,197.1
1765191737.191303,1.97,197.2
1765191737.202322,1.97,197.3
1765191737.2131212,1.97,197.4
1765191737.2244534,1.98,197.5
1765191737.23515,1.98,197.6
1765191737.2460165,1.98,197.7
1765191737.2568204,1.98,197.8
1765191737.267643,1.98,197.9
1765191737.2783954,1.98,198.0
1765191737.289283,1.98,198.1
1765191737.3001575,1.98,198.2
1765191737.310821,1.98,198.3
1765191737.3218818,1.98,198.4
1765191737.332482,1.99,198.5
1765191737.3431787,1.99,198.6
1765191737.3542569,1.99,198.7
1765191737.3650541,1.99,198.8
1765191737.3755684,1.99,198.9
1765191737.3868613,1.99,199.0
1765191737.3971045,1.99,199.1
1765191737.407957,1.99,199.2
1765191737.418926,1.99,199.3
1765191737.4300227,1.99,199.4
1765191737.4409502,2.0,199.5
1765191737.451769,2.0,199.6
1765191737.4624221,2.0,199.7
1765191737.473352,2.0,199.8
1765191737.484157,2.0,199.9
1765191737.4949012,2.0,200.0
1765191737.5057986,2.0,200.1
1765191737.5162597,2.0,200.2
1765191737.5269988,2.0,200.3
1765191737.53814,2.0,200.4
1765191737.5487735,2.01,200.5
1765191737.5596867,2.01,200.6
1765191737.5706174,2.01,200.7
1765191737.581437,2.01,200.8
1765191737.5920553,2.01,200.9
1765191737.6028657,2.01,201.0
1765191737.6136842,2.01,201.1
1765191737.625023,2.01,201.2
1765191737.6357462,2.01,201.3
1765191737.6463842,2.01,201.4
1765191737.6572723,2.02,201.5
1765191737.6680818,2.02,201.6
1765191737.6789892,2.02,201.7
1765191737.6898031,2.02,201.8
1765191737.7003903,2.02,201.9
1765191737.7113028,2.02,202.0
1765191737.7220082,2.02,202.1
1765191737.7330763,2.02,202.2
1765191737.7434258,2.02,202.3
1765191737.7547488,2.02,202.4
1765191737.7653701,2.03,202.5
1765191737.7761164,2.03,202.6
1765191737.7871432,2.03,202.7
1765191737.7975492,2.03,202.8
1765191737.8085294,2.03,202.9
1765191737.8192658,2.03,203.0
1765191737.830318,2.03,203.1
1765191737.8411536,2.03,203.2
1765191737.8520603,2.03,203.3
1765191737.862617,2.03,203.4
1765191737.87349,2.04,203.5
1765191737.8843267,2.04,203.6
1765191737.8951595,2.04,203.7
1765191737.9061558,2.04,203.8
1765191737.9168768,2.04,203.9
1765191737.9277983,2.04,204.0
1765191737.938606,2.04,204.1
1765191737.9494133,2.04,204.2
1765191737.9599986,2.04,204.3
1765191737.9711754,2.04,204.4
1765191737.9820514,2.05,204.5
1765191737.9929118,2.05,204.6
1765191738.003357,2.05,204.7
1765191738.0140452,2.05,204.8
1765191738.025518,2.05,204.9
1765191738.0361369,2.05,205.0
1765191738.0468574,2.05,205.1
1765191738.0577457,2.05,205.2
1765191738.0685573,2.05,205.3
1765191738.07928,2.05,205.4
1765191738.0902593,2.06,205.5
1765191738.1012373,2.06,205.6
1765191738.1119184,2.06,205.7
1765191738.1224358,2.06,205.8
1765191738.1335905,2.06,205.9
1765191738.1442854,2.06,206.0
1765191738.1553571,2.06,206.1
1765191738.1659353,2.06,206.2
1765191738.176496,2.06,206.3
1765191738.1877706,2.06,206.4
1765191738.1979666,2.07,206.5
1765191738.2092557,2.07,206.6
1765191738.2197301,2.07,206.7
1765191738.2307887,2.07,206.8
1765191738.241951,2.07,206.9
1765191738.2525992,2.07,207.0
1765191738.2632906,2.07,207.1
1765191738.274084,2.07,207.2
1765191738.2851279,2.07,207.3
1765191738.2958846,2.07,207.4
1765191738.306816,2.08,207.5
1765191738.3176396,2.08,207.6
1765191738.328448,2.08,207.7
1765191738.3391516,2.08,207.8
1765191738.3502142,2.08,207.9
1765191738.360846,2.08,208.0
1765191738.3712375,2.08,208.1
1765191738.3825676,2.08,208.2
1765191738.3930748,2.08,208.3
1765191738.4036949,2.08,208.4
1765191738.414468,2.09,208.5
1765191738.4261212,2.09,208.6
1765191738.4364772,2.09,208.7
1765191738.4472995,2.09,208.8
1765191738.4584665,2.09,208.9
1765191738.4689682,2.09,209.0
1765191738.4798715,2.09,209.1
1765191738.4907324,2.09,209.2
1765191738.5014746,2.09,209.3
1765191738.512427,2.09,209.4
1765191738.5231638,2.1,209.5
1765191738.5341055,2.1,209.6
1765191738.5448565,2.1,209.7
1765191738.5556953,2.1,209.8
1765191738.5662816,2.1,209.9
1765191738.5769017,2.1,210.0
1765191738.5882764,2.1,210.1
1765191738.5984178,2.1,210.2
1765191738.6099064,2.1,210.3
1765191738.6200738,2.1,210.4
1765191738.6315584,2.11,210.5
1765191738.642531,2.11,210.6
1765191738.6530094,2.11,210.7
1765191738.6640923,2.11,210.8
1765191738.6748369,2.11,210.9
1765191738.6857643,2.11,211.0
1765191738.6964428,2.11,211.1
1765191738.7072845,2.11,211.2
1765191738.718037,2.11,211.3
1765191738.7286146,2.11,211.4
1765191738.7397783,2.12,211.5
1765191738.7505343,2.12,211.6
1765191738.761386,2.12,211.7
1765191738.7719266,2.12,211.8
1765191738.7828717,2.12,211.9
1765191738.7933586,2.12,212.0
1765191738.8041782,2.12,212.1
1765191738.815135,2.12,212.2
1765191738.8261585,2.12,212.3
1765191738.837142,2.12,212.4
1765191738.847845,2.13,212.5
1765191738.8590076,2.13,212.6
1765191738.8697226,2.13,212.7
1765191738.880367,2.13,212.8
1765191738.8912506,2.13,212.9
1765191738.9020917,2.13,213.0
1765191738.912713,2.13,213.1
1765191738.923754,2.13,213.2
1765191738.9346333,2.13,213.3
1765191738.9453764,2.13,213.4
1765191738.9561644,2.14,213.5
1765191738.967135,2.14,213.6
1765191738.9777527,2.14,213.7
1765191738.9884179,2.14,213.8
1765191738.9990108,2.14,213.9
1765191739.0097122,2.14,214.0
1765191739.020726,2.14,214.1
1765191739.0317645,2.14,214.2
1765191739.042887,2.14,214.3
1765191739.0534446,2.14,214.4
1765191739.0645933,2.15,214.5
1765191739.075155,2.15,214.6
1765191739.085968,2.15,214.7
1765191739.0969493,2.15,214.8
1765191739.1076796,2.15,214.9
1765191739.1186845,2.15,215.0
1765191739.1290789,2.15,215.1
1765191739.1403549,2.15,215.2
1765191739.1511145,2.15,215.3
1765191739.1614997,2.15,215.4
1765191739.1727624,2.16,215.5
1765191739.1832163,2.16,215.6
1765191739.1938407,2.16,215.7
1765191739.2046256,2.16,215.8
1765191739.215479,2.16,215.9
1765191739.2266788,2.16,216.0
1765191739.2375388,2.16,216.1
1765191739.2482748,2.16,216.2
1765191739.2588646,2.16,216.3
1765191739.2699625,2.16,216.4
1765191739.280878,2.17,216.5
1765191739.2922182,2.17,216.6
1765191739.3025603,2.17,216.7
1765191739.3132212,2.17,216.8
1765191739.3241498,2.17,216.9
1765191739.3349843,2.17,217.0
1765191739.3456151,2.17,217.1
1765191739.3565774,2.17,217.2
1765191739.3674107,2.17,217.3
1765191739.3781977,2.17,217.4
1765191739.389013,2.18,217.5
1765191739.39947,2.18,217.6
1765191739.4102502,2.18,217.7
1765191739.4210787,2.18,217.8
1765191739.4322948,2.18,217.9
1765191739.4430876,2.18,218.0
1765191739.4540932,2.18,218.1
1765191739.4644604,2.18,218.2
1765191739.475601,2.18,218.3
1765191739.4866304,2.18,218.4
1765191739.4975145,2.19,218.5
1765191739.5084364,2.19,218.6
1765191739.519182,2.19,218.7
1765191739.529893,2.19,218.8
1765191739.5408132,2.19,218.9
1765191739.5516374,2.19,219.0
1765191739.5622847,2.19,219.1
1765191739.5732064,2.19,219.2
1765191739.584042,2.19,219.3
1765191739.5947795,2.19,219.4
1765191739.6051402,2.2,219.5
1765191739.6161485,2.2,219.6
1765191739.6269305,2.2,219.7
1765191739.637659,2.2,219.8
1765191739.6489778,2.2,219.9
1765191739.6597786,2.2,220.0
1765191739.6706595,2.2,220.1
1765191739.6812122,2.2,220.2
1765191739.691898,2.2,220.3
1765191739.703131,2.2,220.4
1765191739.7138894,2.21,220.5
1765191739.7248056,2.21,220.6
1765191739.7351222,2.21,220.7
1765191739.7461278,2.21,220.8
1765191739.7569103,2.21,220.9
1765191739.768248,2.21,221.0
1765191739.778807,2.21,221.1
1765191739.7895918,2.21,221.2
1765191739.8000429,2.21,221.3
1765191739.810852,2.21,221.4
1765191739.8216872,2.22,221.5
1765191739.8325589,2.22,221.6
1765191739.8432248,2.22,221.7
1765191739.854247,2.22,221.8
1765191739.865047,2.22,221.9
1765191739.8761559,2.22,222.0
1765191739.8869925,2.22,222.1
1765191739.8976974,2.22,222.2
1765191739.9083958,2.22,222.3
1765191739.9194827,2.22,222.4
1765191739.9301195,2.23,222.5
1765191739.9411404,2.23,222.6
1765191739.9520786,2.23,222.7
1765191739.9628077,2.23,222.8
1765191739.9736836,2.23,222.9
1765191739.9842048,2.23,223.0
1765191739.9951775,2.23,223.1
1765191740.0056522,2.23,223.2
1765191740.016487,2.23,223.3
1765191740.0275133,2.23,223.4
1765191740.0385864,2.24,223.5
1765191740.0494244,2.24,223.6
1765191740.0600493,2.24,223.7
1765191740.070966,2.24,223.8
1765191740.0818517,2.24,223.9
1765191740.0924447,2.24,224.0
1765191740.1035821,2.24,224.1
1765191740.1142168,2.24,224.2
1765191740.1253211,2.24,224.3
1765191740.135963,2.24,224.4
1765191740.1468668,2.25,224.5
1765191740.1575952,2.25,224.6
1765191740.1686046,2.25,224.7
1765191740.1792564,2.25,224.8
1765191740.189995,2.25,224.9
1765191740.200506,2.25,225.0
1765191740.21131,2.25,225.1
1765191740.2221427,2.25,225.2
1765191740.233331,2.25,225.3
1765191740.2438686,2.25,225.4
1765191740.2550776,2.26,225.5
1765191740.265877,2.26,225.6
1765191740.2763832,2.26,225.7
1765191740.287556,2.26,225.8
1765191740.2982354,2.26,225.9
1765191740.309339,2.26,226.0
1765191740.3202372,2.26,226.1
1765191740.3306441,2.26,226.2
1765191740.3417523,2.26,226.3
1765191740.3526976,2.26,226.4
1765191740.3633518,2.27,226.5
1765191740.3742707,2.27,226.6
1765191740.3850572,2.27,226.7
1765191740.3959465,2.27,226.8
1765191740.4061692,2.27,226.9
1765191740.4170933,2.27,227.0
1765191740.427922,2.27,227.1
1765191740.4391267,2.27,227.2
1765191740.4498003,2.27,227.3
1765191740.4605484,2.27,227.4
1765191740.471688,2.28,227.5
1765191740.4822993,2.28,227.6
1765191740.4928925,2.28,227.7
1765191740.50411,2.28,227.8
1765191740.5146945,2.28,227.9
1765191740.5256586,2.28,228.0
1765191740.5365317,2.28,228.1
1765191740.5474002,2.28,228.2
1765191740.5582871,2.28,228.3
1765191740.5691423,2.28,228.4
1765191740.5798068,2.29,228.5
1765191740.590742,2.29,228.6
1765191740.601061,2.29,228.7
1765191740.6120448,2.29,228.8
1765191740.6227167,2.29,228.9
1765191740.6340234,2.29,229.0
1765191740.6447406,2.29,229.1
1765191740.6561303,2.29,229.2
1765191740.666507,2.29,229.3
1765191740.677359,2.29,229.4
1765191740.688155,2.3,229.5
1765191740.6989462,2.3,229.6
1765191740.709622,2.3,229.7
1765191740.7206657,2.3,229.8
1765191740.7314904,2.3,229.9
1765191740.7424932,2.3,230.0
1765191740.7530875,2.3,230.1
1765191740.7639978,2.3,230.2
1765191740.7748444,2.3,230.3
1765191740.785679,2.3,230.4
1765191740.7963495,2.31,230.5
1765191740.8068542,2.31,230.6
1765191740.8176498,2.31,230.7
1765191740.8284023,2.31,230.8
1765191740.8396792,2.31,230.9
1765191740.8505294,2.31,231.0
1765191740.8609772,2.31,231.1
1765191740.8721364,2.31,231.2
1765191740.8831255,2.31,231.3
1765191740.893508,2.31,231.4
1765191740.9046323,2.32,231.5
1765191740.9151418,2.32,231.6
1765191740.926067,2.32,231.7
1765191740.9372177,2.32,231.8
1765191740.9478734,2.32,231.9
1765191740.959078,2.32,232.0
1765191740.969665,2.32,232.1
1765191740.980345,2.32,232.2
1765191740.9915488,2.32,232.3
1765191741.0019097,2.32,232.4
1765191741.0124927,2.33,232.5
1765191741.023469,2.33,232.61
1765191741.0342665,2.33,232.71
1765191741.0452757,2.33,232.81
1765191741.056061,2.33,232.91
1765191741.0670307,2.33,233.01
1765191741.0777187,2.33,233.11
1765191741.088705,2.33,233.21
1765191741.0994139,2.33,233.31
1765191741.1100128,2.33,233.41
1765191741.1207135,2.34,233.51
1765191741.1317713,2.34,233.61
1765191741.1427262,2.34,233.71
1765191741.1537824,2.34,233.81
1765191741.164618,2.34,233.91
1765191741.17528,2.34,234.01
1765191741.1863685,2.34,234.11
1765191741.197184,2.34,234.21
1765191741.2076564,2.34,234.31
1765191741.218394,2.34,234.41
1765191741.229321,2.35,234.51
1765191741.2404509,2.35,234.61
1765191741.2515156,2.35,234.71
1765191741.2620747,2.35,234.81
1765191741.2731695,2.35,234.91
1765191741.28384,2.35,235.01
1765191741.2946599,2.35,235.11
1765191741.3055046,2.35,235.21
1765191741.3161862,2.35,235.31
1765191741.3267539,2.35,235.41
1765191741.3380036,2.36,235.51
1765191741.348776,2.36,235.61
1765191741.3595648,2.36,235.71
1765191741.3704922,2.36,235.81
1765191741.3814256,2.36,235.91
1765191741.3923314,2.36,236.01
1765191741.4026642,2.36,236.11
1765191741.4133472,2.36,236.21
1765191741.4240677,2.36,236.31
1765191741.4351304,2.36,236.41
1765191741.4462798,2.37,236.51
1765191741.457174,2.37,236.61
1765191741.468059,2.37,236.71
1765191741.4788983,2.37,236.81
1765191741.489782,2.37,236.91
1765191741.5006573,2.37,237.01
1765191741.5112646,2.37,237.11
1765191741.5222464,2.37,237.21
1765191741.5330985,2.37,237.31
1765191741.5436392,2.37,237.41
1765191741.554673,2.38,237.51
1765191741.5653143,2.38,237.61
1765191741.5762625,2.38,237.71
1765191741.5872974,2.38,237.81
1765191741.5978665,2.38,237.91
1765191741.6087916,2.38,238.01
1765191741.619421,2.38,238.11
1765191741.6302125,2.38,238.21
1765191741.6419148,2.38,238.31
1765191741.6520047,2.38,238.41
1765191741.6630623,2.39,238.51
1765191741.673838,2.39,238.61
1765191741.6848555,2.39,238.71
1765191741.695522,2.39,238.81
1765191741.7064676,2.39,238.91
1765191741.7172685,2.39,239.01
1765191741.728074,2.39,239.11
1765191741.738962,2.39,239.21
1765191741.7498107,2.39,239.31
1765191741.7602942,2.39,239.41
1765191741.7715986,2.4,239.51
1765191741.7821577,2.4,239.61
1765191741.7927952,2.4,239.71
1765191741.8040879,2.4,239.81
1765191741.8142219,2.4,239.91
1765191741.825705,2.4,240.01
1765191741.8358848,2.4,240.11
1765191741.8472128,2.4,240.21
1765191741.858187,2.4,240.31
1765191741.8688993,2.4,240.41
1765191741.8796265,2.41,240.51
1765191741.8905935,2.41,240.61
1765191741.9013877,2.41,240.71
1765191741.9123316,2.41,240.81
1765191741.9230928,2.41,240.91
1765191741.9341087,2.41,241.01
1765191741.9446955,2.41,241.11
1765191741.9557579,2.41,241.21
1765191741.966198,2.41,241.31
1765191741.976701,2.41,241.41
1765191741.9878206,2.42,241.51
1765191741.9987066,2.42,241.61
1765191742.0096576,2.42,241.71
1765191742.020093,2.42,241.81
1765191742.0310645,2.42,241.91
1765191742.0420988,2.42,242.01
1765191742.053069,2.42,242.11
1765191742.0637736,2.42,242.21
1765191742.075039,2.42,242.31
1765191742.085649,2.42,242.41
1765191742.0961115,2.43,242.51
1765191742.106863,2.43,242.61
1765191742.1181273,2.43,242.71
1765191742.1288984,2.43,242.81
1765191742.1398363,2.43,242.91
1765191742.1506495,2.43,243.01
1765191742.1612387,2.43,243.11
1765191742.1723332,2.43,243.21
1765191742.182841,2.43,243.31
1765191742.1938262,2.43,243.41
1765191742.2049086,2.44,243.51
1765191742.2150548,2.44,243.61
1765191742.2263618,2.44,243.71
1765191742.2368598,2.44,243.81
1765191742.2480078,2.44,243.91
1765191742.2587676,2.44,244.01
1765191742.2697792,2.44,244.11
1765191742.280358,2.44,244.21
1765191742.2915418,2.44,244.31
1765191742.3019145,2.44,244.41
1765191742.3127403,2.45,244.51
1765191742.3236847,2.45,244.61
1765191742.3347695,2.45,244.71
1765191742.3454914,2.45,244.81
1765191742.356422,2.45,244.91
1765191742.3671906,2.45,245.01
1765191742.3779452,2.45,245.11
1765191742.388873,2.45,245.21
1765191742.3996575,2.45,245.31
1765191742.4101095,2.45,245.41
1765191742.4210622,2.46,245.51
1765191742.4318426,2.46,245.61
1765191742.4435372,2.46,245.71
1765191742.4536183,2.46,245.81
1765191742.464921,2.46,245.91
1765191742.4752269,2.46,246.01
1765191742.4865534,2.46,246.11
1765191742.4972477,2.46,246.21
1765191742.5083604,2.46,246.31
1765191742.5190823,2.46,246.41
1765191742.5299432,2.47,246.51
1765191742.540834,2.47,246.61
1765191742.5515614,2.47,246.71
1765191742.5622103,2.47,246.81
1765191742.57324,2.47,246.91
1765191742.584202,2.47,247.01
1765191742.5948858,2.47,247.11
1765191742.6057556,2.47,247.21
1765191742.6161187,2.47,247.31
1765191742.6270137,2.47,247.41
1765191742.6379223,2.48,247.51
1765191742.649087,2.48,247.61
1765191742.6600351,2.48,247.71
1765191742.6708827,2.48,247.81
1765191742.681539,2.48,247.91
1765191742.6922863,2.48,248.01
1765191742.7032924,2.48,248.11
1765191742.7141051,2.48,248.21
1765191742.7250855,2.48,248.31
1765191742.7360046,2.48,248.41
1765191742.7464263,2.49,248.51
1765191742.7572958,2.49,248.61
1765191742.7680385,2.49,248.71
1765191742.7787561,2.49,248.81
1765191742.7895286,2.49,248.91
1765191742.800595,2.49,249.01
1765191742.8112369,2.49,249.11
1765191742.8225641,2.49,249.21
1765191742.8329232,2.49,249.31
1765191742.8439589,2.49,249.41
1765191742.8545675,2.5,249.51
1765191742.8656516,2.5,249.61
1765191742.8764246,2.5,249.71
1765191742.8873844,2.5,249.81
1765191742.898031,2.5,249.91
1765191742.909233,2.5,250.01
1765191742.9201176,2.5,250.11
1765191742.9304008,2.5,250.21
1765191742.9417965,2.5,250.31
1765191742.9525006,2.5,250.41
1765191742.9631588,2.51,250.51
1765191742.9741354,2.51,250.61
1765191742.9850192,2.51,250.71
1765191742.9956667,2.51,250.81
1765191743.0066268,2.51,250.91
1765191743.0170927,2.51,251.01
1765191743.0280004,2.51,251.11
1765191743.0385747,2.51,251.21
1765191743.0499675,2.51,251.31
1765191743.0606546,2.51,251.41
1765191743.0717192,2.52,251.51
1765191743.082382,2.52,251.61
1765191743.093088,2.52,251.71
1765191743.1041288,2.52,251.81
1765191743.1147804,2.52,251.91
1765191743.1257205,2.52,252.01
1765191743.1365788,2.52,252.11
1765191743.1474972,2.52,252.21
1765191743.1585352,2.52,252.31
1765191743.169134,2.52,252.41
1765191743.179868,2.52,252.51
1765191743.190819,2.53,252.61
1765191743.2016075,2.53,252.71
1765191743.2120955,2.53,252.81
1765191743.2227533,2.53,252.91
1765191743.2340128,2.53,253.01
1765191743.2445583,2.53,253.11
1765191743.2556584,2.53,253.21
1765191743.26661,2.53,253.31
1765191743.277211,2.53,253.41
1765191743.288404,2.53,253.51
1765191743.2990737,2.54,253.61
1765191743.3095365,2.54,253.71
1765191743.320836,2.54,253.81
1765191743.331418,2.54,253.91
1765191743.3421602,2.54,254.01
1765191743.3533678,2.54,254.11
1765191743.3639958,2.54,254.21
1765191743.3749046,2.54,254.31
1765191743.3856776,2.54,254.41
1765191743.3965974,2.54,254.51
1765191743.4073257,2.55,254.61
1765191743.4179013,2.55,254.71
1765191743.4286907,2.55,254.81
1765191743.4395351,2.55,254.91
1765191743.4507344,2.55,255.01
1765191743.4614382,2.55,255.11
1765191743.472513,2.55,255.21
1765191743.4832988,2.55,255.31
1765191743.493636,2.55,255.41
1765191743.504964,2.55,255.51
1765191743.515789,2.56,255.61
1765191743.5262215,2.56,255.71
1765191743.5375102,2.56,255.81
1765191743.5483623,2.56,255.91
1765191743.558889,2.56,256.01
1765191743.5700762,2.56,256.11
1765191743.5805192,2.56,256.21
1765191743.5917194,2.56,256.31
1765191743.6024008,2.56,256.41
1765191743.613216,2.56,256.51
1765191743.6237812,2.57,256.61
1765191743.6345437,2.57,256.71
1765191743.645674,2.57,256.81
1765191743.656613,2.57,256.91
1765191743.6676536,2.57,257.01
1765191743.6779914,2.57,257.11
1765191743.689316,2.57,257.21
1765191743.6999805,2.57,257.31
1765191743.7108474,2.57,257.41
1765191743.7217097,2.57,257.51
1765191743.7325823,2.58,257.61
1765191743.7432837,2.58,257.71
1765191743.754373,2.58,257.81
1765191743.7650611,2.58,257.91
1765191743.7764075,2.58,258.01
1765191743.786773,2.58,258.11
1765191743.7975185,2.58,258.21
1765191743.808673,2.58,258.31
1765191743.8188326,2.58,258.41
1765191743.8295944,2.58,258.51
1765191743.8404782,2.59,258.61
1765191743.851739,2.59,258.71
1765191743.8626084,2.59,258.81
1765191743.873326,2.59,258.91
1765191743.8843625,2.59,259.01
1765191743.8950224,2.59,259.11
1765191743.9056025,2.59,259.21
1765191743.916815,2.59,259.31
1765191743.9275398,2.59,259.41
1765191743.938318,2.59,259.51
1765191743.9491677,2.6,259.61
1765191743.9599311,2.6,259.71
1765191743.9711106,2.6,259.81
1765191743.9817715,2.6,259.91
1765191743.9926982,2.6,260.01
1765191744.0034597,2.6,260.11
1765191744.0142298,2.6,260.21
1765191744.024907,2.6,260.31
1765191744.035645,2.6,260.41
1765191744.0464458,2.6,260.51
1765191744.057792,2.61,260.61
1765191744.0684562,2.61,260.71
1765191744.079386,2.61,260.81
1765191744.0901556,2.61,260.91
1765191744.1012046,2.61,261.01
1765191744.1115584,2.61,261.11
1765191744.1223822,2.61,261.21
1765191744.1336374,2.61,261.31
1765191744.1441884,2.61,261.41
1765191744.1548772,2.61,261.51
1765191744.1660306,2.62,261.61
1765191744.1764412,2.62,261.71
1765191744.1875548,2.62,261.81
1765191744.1984737,2.62,261.91
1765191744.2095144,2.62,262.01
1765191744.2197046,2.62,262.11
1765191744.2306116,2.62,262.21
1765191744.2414603,2.62,262.31
1765191744.2527373,2.62,262.41
1765191744.2633555,2.62,262.51
1765191744.2743418,2.63,262.61
1765191744.2853503,2.63,262.71
1765191744.2960026,2.63,262.81
1765191744.3069344,2.63,262.91
1765191744.3177588,2.63,263.01
1765191744.328281,2.63,263.11
1765191744.3391993,2.63,263.21
1765191744.3502898,2.63,263.31
1765191744.3607385,2.63,263.41
1765191744.3719323,2.63,263.51
1765191744.3827085,2.64,263.61
1765191744.3931603,2.64,263.71
1765191744.404224,2.64,263.81
1765191744.4154665,2.64,263.91
1765191744.4259927,2.64,264.01
1765191744.4364974,2.64,264.11
1765191744.447465,2.64,264.21
1765191744.4587545,2.64,264.31
1765191744.4694748,2.64,264.41
1765191744.480295,2.64,264.51
1765191744.491074,2.65,264.61
1765191744.502086,2.65,264.71
1765191744.5127203,2.65,264.81
1765191744.5236766,2.65,264.91
1765191744.5346363,2.65,265.01
1765191744.5452886,2.65,265.11
1765191744.5561652,2.65,265.21
1765191744.5669758,2.65,265.31
1765191744.5778022,2.65,265.41
1765191744.5889997,2.65,265.51
1765191744.5995357,2.66,265.61
1765191744.6098852,2.66,265.71
1765191744.620731,2.66,265.81
1765191744.6314874,2.66,265.91
1765191744.6426735,2.66,266.01
1765191744.6536772,2.66,266.11
1765191744.6644888,2.66,266.21
1765191744.6750994,2.66,266.31
1765191744.6861618,2.66,266.41
1765191744.697059,2.66,266.51
1765191744.708071,2.67,266.61
1765191744.718796,2.67,266.71
1765191744.7293708,2.67,266.81
1765191744.7403924,2.67,266.91
1765191744.7512906,2.67,267.01
1765191744.762037,2.67,267.11
1765191744.772981,2.67,267.21
1765191744.783703,2.67,267.31
1765191744.7945726,2.67,267.41
1765191744.8055296,2.67,267.51
1765191744.8159685,2.68,267.61
1765191744.8268497,2.68,267.71
1765191744.8375988,2.68,267.81
1765191744.848541,2.68,267.91
1765191744.8597825,2.68,268.01
1765191744.8701677,2.68,268.11
1765191744.880929,2.68,268.21
1765191744.8918655,2.68,268.31
1765191744.9024885,2.68,268.41
1765191744.9134674,2.68,268.51
1765191744.9242923,2.69,268.61
1765191744.9353087,2.69,268.71
1765191744.9459321,2.69,268.81
1765191744.9569485,2.69,268.91
1765191744.967506,2.69,269.01
1765191744.9786544,2.69,269.11
1765191744.9893177,2.69,269.21
1765191745.0001986,2.69,269.31
1765191745.0109875,2.69,269.41
1765191745.0218537,2.69,269.51
1765191745.0326297,2.7,269.61
1765191745.0435836,2.7,269.71
1765191745.0547018,2.7,269.81
1765191745.0656228,2.7,269.91
1765191745.0765052,2.7,270.01
1765191745.087195,2.7,270.11
1765191745.0979223,2.7,270.21
1765191745.1087384,2.7,270.31
1765191745.1196158,2.7,270.41
1765191745.1307328,2.7,270.51
1765191745.1414568,2.71,270.61
1765191745.1524208,2.71,270.71
1765191745.162819,2.71,270.81
1765191745.1740384,2.71,270.91
1765191745.1848552,2.71,271.01
1765191745.1956785,2.71,271.11
1765191745.2063992,2.71,271.21
1765191745.2172847,2.71,271.31
1765191745.2276347,2.71,271.41
1765191745.2384703,2.71,271.51
1765191745.2493184,2.72,271.61
1765191745.2602162,2.72,271.71
1765191745.2713356,2.72,271.81
1765191745.2823317,2.72,271.91
1765191745.2928286,2.72,272.01
1765191745.3040216,2.72,272.11
1765191745.314435,2.72,272.21
1765191745.325677,2.72,272.31
1765191745.336401,2.72,272.41
1765191745.347358,2.72,272.51
1765191745.3585932,2.73,272.61
1765191745.3690524,2.73,272.71
1765191745.3796759,2.73,272.81
1765191745.3906379,2.73,272.91
1765191745.401418,2.73,273.01
1765191745.412313,2.73,273.11
1765191745.4226687,2.73,273.21
1765191745.433681,2.73,273.31
1765191745.444334,2.73,273.41
1765191745.4557528,2.73,273.51
1765191745.4665864,2.74,273.61
1765191745.4771771,2.74,273.71
1765191745.488236,2.74,273.81
1765191745.4990928,2.74,273.91
1765191745.5095217,2.74,274.01
1765191745.5208187,2.74,274.11
1765191745.531012,2.74,274.21
1765191745.5424006,2.74,274.31
1765191745.5528507,2.74,274.41
1765191745.5636487,2.74,274.51
1765191745.5746186,2.75,274.61
1765191745.585831,2.75,274.71
1765191745.5963,2.75,274.81
1765191745.6075041,2.75,274.91
1765191745.6182814,2.75,275.01
1765191745.628621,2.75,275.11
1765191745.6393719,2.75,275.21
1765191745.6504755,2.75,275.31
1765191745.6611686,2.75,275.41
1765191745.6724725,2.75,275.51
1765191745.6832068,2.76,275.61
1765191745.6940885,2.76,275.71
1765191745.705017,2.76,275.81
1765191745.7157469,2.76,275.91
1765191745.726281,2.76,276.01
1765191745.7374773,2.76,276.11
1765191745.748309,2.76,276.21
1765191745.758954,2.76,276.31
1765191745.7700253,2.76,276.41
1765191745.7807262,2.76,276.51
1765191745.7919848,2.77,276.61
1765191745.8025043,2.77,276.71
1765191745.8134515,2.77,276.81
1765191745.8237202,2.77,276.91
1765191745.834737,2.77,277.01
1765191745.8454838,2.77,277.11
1765191745.8568394,2.77,277.21
1765191745.8676286,2.77,277.31
1765191745.878162,2.77,277.41
1765191745.8891842,2.77,277.51
1765191745.9002402,2.78,277.61
1765191745.9108207,2.78,277.71
1765191745.9217992,2.78,277.81
1765191745.9326298,2.78,277.91
1765191745.943109,2.78,278.01
1765191745.9541445,2.78,278.11
1765191745.9650671,2.78,278.21
1765191745.9761524,2.78,278.31
1765191745.9867063,2.78,278.41
1765191745.9975772,2.78,278.51
1765191746.0087285,2.79,278.61
1765191746.0192175,2.79,278.71
1765191746.0297484,2.79,278.81
1765191746.0406454,2.79,278.91
1765191746.0514367,2.79,279.01
1765191746.0621884,2.79,279.11
1765191746.0733905,2.79,279.21
1765191746.0843875,2.79,279.31
1765191746.0950243,2.79,279.41
1765191746.1059659,2.79,279.51
1765191746.1168566,2.8,279.61
1765191746.1274555,2.8,279.71
1765191746.1385295,2.8,279.81
1765191746.1491675,2.8,279.91
1765191746.159784,2.8,280.01
1765191746.1709547,2.8,280.11
1765191746.1817942,2.8,280.21
1765191746.1925294,2.8,280.31
1765191746.203464,2.8,280.41
1765191746.2138722,2.8,280.51
1765191746.224947,2.81,280.61
1765191746.2355633,2.81,280.71
1765191746.2464669,2.81,280.81
1765191746.2574763,2.81,280.91
1765191746.2686543,2.81,281.01
1765191746.279265,2.81,281.11
1765191746.2902436,2.81,281.21
1765191746.3009942,2.81,281.31
1765191746.3119144,2.81,281.41
1765191746.3226657,2.81,281.51
1765191746.3335476,2.82,281.61
1765191746.3442845,2.82,281.71
1765191746.3553085,2.82,281.81
1765191746.3660572,2.82,281.91
1765191746.37654,2.82,282.01
1765191746.3876872,2.82,282.11
1765191746.3985498,2.82,282.21
1765191746.4096003,2.82,282.31
1765191746.4201674,2.82,282.41
1765191746.4305556,2.82,282.51
1765191746.4416287,2.83,282.61
1765191746.4522767,2.83,282.71
1765191746.4635167,2.83,282.81
1765191746.474262,2.83,282.91
1765191746.4851775,2.83,283.01
1765191746.495923,2.83,283.11
1765191746.5068724,2.83,283.21
1765191746.5177903,2.83,283.31
1765191746.5282102,2.83,283.41
1765191746.5393505,2.83,283.51
1765191746.550215,2.84,283.61
1765191746.5607815,2.84,283.71
1765191746.571637,2.84,283.81
1765191746.582648,2.84,283.91
1765191746.5931697,2.84,284.01
1765191746.6044238,2.84,284.11
1765191746.615261,2.84,284.21
1765191746.6261585,2.84,284.31
1765191746.6365504,2.84,284.41
1765191746.6473415,2.84,284.51
1765191746.6586776,2.85,284.61
1765191746.6696892,2.85,284.71
1765191746.6803505,2.85,284.81
1765191746.6914976,2.85,284.91
1765191746.7021103,2.85,285.01
1765191746.7129626,2.85,285.11
1765191746.7237043,2.85,285.21
1765191746.7347136,2.85,285.31
1765191746.7451963,2.85,285.41
1765191746.7565827,2.85,285.51
1765191746.767048,2.86,285.61
1765191746.7779121,2.86,285.71
1765191746.7885966,2.86,285.81
1765191746.7996519,2.86,285.91
1765191746.8100915,2.86,286.01
1765191746.8212225,2.86,286.11
1765191746.8315427,2.86,286.21
1765191746.8426743,2.86,286.31
1765191746.8532872,2.86,286.41
1765191746.8645856,2.86,286.51
1765191746.8750865,2.87,286.61
1765191746.8859036,2.87,286.71
1765191746.8968906,2.87,286.81
1765191746.908012,2.87,286.91
1765191746.9185188,2.87,287.01
1765191746.9295857,2.87,287.11
1765191746.940289,2.87,287.21
1765191746.951208,2.87,287.31
1765191746.9619396,2.87,287.41
1765191746.972907,2.87,287.51
1765191746.9835794,2.88,287.61
1765191746.9945595,2.88,287.71
1765191747.0054257,2.88,287.81
1765191747.0162978,2.88,287.91
1765191747.0266428,2.88,288.01
1765191747.0376096,2.88,288.11
1765191747.0483923,2.88,288.21
1765191747.0593948,2.88,288.31
1765191747.070626,2.88,288.41
1765191747.081267,2.88,288.51
1765191747.0922356,2.89,288.61
1765191747.1026921,2.89,288.71
1765191747.113644,2.89,288.81
1765191747.1244276,2.89,288.91
1765191747.1356456,2.89,289.01
1765191747.1463928,2.89,289.11
1765191747.1573107,2.89,289.21
1765191747.1677456,2.89,289.31
1765191747.178659,2.89,289.41
1765191747.1894379,2.89,289.51
1765191747.2004743,2.9,289.61
1765191747.2113538,2.9,289.71
1765191747.2223063,2.9,289.81
1765191747.2325559,2.9,289.91
1765191747.2436004,2.9,290.01
1765191747.2543223,2.9,290.11
1765191747.2655852,2.9,290.21
1765191747.2762225,2.9,290.31
1765191747.2872574,2.9,290.41
1765191747.2979834,2.9,290.51
1765191747.3091369,2.91,290.61
1765191747.3193717,2.91,290.71
1765191747.3307672,2.91,290.81
1765191747.3415713,2.91,290.91
1765191747.3523026,2.91,291.01
1765191747.363161,2.91,291.11
1765191747.373894,2.91,291.21
1765191747.3849137,2.91,291.31
1765191747.3955634,2.91,291.41
1765191747.4064302,2.91,291.51
1765191747.4170003,2.92,291.61
1765191747.4286928,2.92,291.71
1765191747.4384341,2.92,291.81
1765191747.4493415,2.92,291.91
1765191747.4602747,2.92,292.01
1765191747.4711132,2.92,292.11
1765191747.4821346,2.92,292.21
1765191747.4932196,2.92,292.31
1765191747.5037901,2.92,292.41
1765191747.5147152,2.92,292.51
1765191747.5254173,2.93,292.61
1765191747.5363364,2.93,292.71
1765191747.547018,2.93,292.81
1765191747.5583127,2.93,292.91
1765191747.5689235,2.93,293.01
1765191747.5795157,2.93,293.11
1765191747.590679,2.93,293.21
1765191747.601587,2.93,293.31
1765191747.6121633,2.93,293.41
1765191747.6230223,2.93,293.51
1765191747.633539,2.94,293.61
1765191747.6443717,2.94,293.71
1765191747.6552048,2.94,293.81
1765191747.6664326,2.94,293.91
1765191747.6771982,2.94,294.01
1765191747.6879916,2.94,294.11
1765191747.6987538,2.94,294.21
1765191747.7094295,2.94,294.31
1765191747.7206116,2.94,294.41
1765191747.7312076,2.94,294.51
1765191747.7423635,2.95,294.61
1765191747.7532134,2.95,294.71
1765191747.763813,2.95,294.81
1765191747.775243,2.95,294.91
1765191747.785826,2.95,295.01
1765191747.7965114,2.95,295.11
1765191747.8073945,2.95,295.21
1765191747.8182282,2.95,295.31
1765191747.82905,2.95,295.41
1765191747.8394272,2.95,295.51
1765191747.8504426,2.96,295.61
1765191747.8612947,2.96,295.71
1765191747.8725717,2.96,295.81
1765191747.8833284,2.96,295.91
1765191747.893909,2.96,296.01
1765191747.9050326,2.96,296.11
1765191747.9158604,2.96,296.21
1765191747.926204,2.96,296.31
1765191747.9376307,2.96,296.41
1765191747.947883,2.96,296.51
1765191747.9589708,2.97,296.61
1765191747.9698923,2.97,296.71
1765191747.9809525,2.97,296.81
1765191747.9920979,2.97,296.91
1765191748.0025494,2.97,297.01
1765191748.0132196,2.97,297.11
1765191748.0241997,2.97,297.21
1765191748.034546,2.97,297.31
1765191748.0453532,2.97,297.41
1765191748.0566475,2.97,297.51
1765191748.0672655,2.98,297.61
1765191748.0782034,2.98,297.71
1765191748.08923,2.98,297.81
1765191748.1002274,2.98,297.91
1765191748.1108708,2.98,298.01
1765191748.1219378,2.98,298.11
1765191748.1323571,2.98,298.21
1765191748.143125,2.98,298.31
1765191748.154224,2.98,298.41
1765191748.164925,2.98,298.51
1765191748.1756804,2.99,298.61
1765191748.186832,2.99,298.71
1765191748.197332,2.99,298.81
1765191748.20808,2.99,298.91
1765191748.2193418,2.99,299.01
1765191748.2301285,2.99,299.11
1765191748.2404397,2.99,299.21
1765191748.2515028,2.99,299.31
1765191748.2622135,2.99,299.41
1765191748.2734725,2.99,299.51
1765191748.2842765,3.0,299.61
1765191748.2948165,3.0,299.71
1765191748.3058865,3.0,299.81
1765191748.316537,3.0,299.91
1765191748.3276272,3.0,300.01
1765191748.3384097,3.0,300.11
1765191748.3491209,3.0,300.21
1765191748.359638,3.0,300.31
1765191748.3706832,3.0,300.41
1765191748.3815243,3.0,300.51
1765191748.3924189,3.01,300.61
1765191748.403333,3.01,300.71
1765191748.4140549,3.01,300.81
1765191748.424649,3.01,300.91
1765191748.4356365,3.01,301.01
1765191748.446244,3.01,301.11
1765191748.457112,3.01,301.21
1765191748.4682407,3.01,301.31
1765191748.4792464,3.01,301.41
1765191748.4900355,3.01,301.51
1765191748.5010214,3.02,301.61
1765191748.5116103,3.02,301.71
1765191748.5225966,3.02,301.81
1765191748.533297,3.02,301.91
1765191748.5442204,3.02,302.01
1765191748.5551174,3.02,302.11
1765191748.5659254,3.02,302.21
1765191748.5763433,3.02,302.31
1765191748.5876942,3.02,302.41
1765191748.5983777,3.02,302.51
1765191748.609183,3.03,302.61
1765191748.6197202,3.03,302.71
1765191748.6310768,3.03,302.81
1765191748.6413631,3.03,302.91
1765191748.652343,3.03,303.01
1765191748.6630902,3.03,303.11
1765191748.674122,3.03,303.21
1765191748.6849244,3.03,303.31
1765191748.6957035,3.03,303.41
1765191748.7066355,3.03,303.51
1765191748.7173765,3.04,303.61
1765191748.7283065,3.04,303.71
1765191748.739146,3.04,303.81
1765191748.7500365,3.04,303.91
1765191748.7607853,3.04,304.01
1765191748.7718525,3.04,304.11
1765191748.7825117,3.04,304.21
1765191748.7930799,3.04,304.31
1765191748.8042567,3.04,304.41
1765191748.8150694,3.04,304.51
1765191748.8257773,3.05,304.61
1765191748.8367534,3.05,304.71
1765191748.847109,3.05,304.81
1765191748.8583593,3.05,304.91
1765191748.8689415,3.05,305.01
1765191748.8802269,3.05,305.11
1765191748.8911352,3.05,305.21
1765191748.90198,3.05,305.31
1765191748.912668,3.05,305.41
1765191748.9235733,3.05,305.51
1765191748.9342933,3.06,305.61
1765191748.9452264,3.06,305.71
1765191748.955946,3.06,305.81
1765191748.9668229,3.06,305.91
1765191748.9773335,3.06,306.01
1765191748.9885507,3.06,306.11
1765191748.9993882,3.06,306.21
1765191749.0097857,3.06,306.31
1765191749.0209432,3.06,306.41
1765191749.0318422,3.06,306.51
1765191749.0425916,3.07,306.61
1765191749.0531461,3.07,306.71
1765191749.0639372,3.07,306.81
1765191749.0749903,3.07,306.91
1765191749.0861294,3.07,307.01
1765191749.0967774,3.07,307.11
1765191749.1078398,3.07,307.21
1765191749.118503,3.07,307.31
1765191749.129386,3.07,307.41
1765191749.14014,3.07,307.51
1765191749.1510766,3.08,307.61
1765191749.1614878,3.08,307.71
1765191749.1726384,3.08,307.81
1765191749.183463,3.08,307.91
1765191749.1943011,3.08,308.01
1765191749.205163,3.08,308.11
1765191749.2160106,3.08,308.21
1765191749.2264304,3.08,308.31
1765191749.237638,3.08,308.41
1765191749.247959,3.08,308.51
1765191749.2592478,3.09,308.61
1765191749.2697809,3.09,308.71
1765191749.2809606,3.09,308.81
1765191749.2917843,3.09,308.91
1765191749.302614,3.09,309.01
1765191749.3133726,3.09,309.11
1765191749.324384,3.09,309.21
1765191749.3352275,3.09,309.31
1765191749.3458834,3.09,309.41
1765191749.3568983,3.09,309.51
1765191749.3678815,3.1,309.61
1765191749.378507,3.1,309.71
1765191749.3893359,3.1,309.81
1765191749.4002573,3.1,309.91
1765191749.411043,3.1,310.01
1765191749.421523,3.1,310.11
1765191749.4326344,3.1,310.21
1765191749.4431725,3.1,310.31
1765191749.4540067,3.1,310.41
1765191749.4648075,3.1,310.51
1765191749.4759917,3.11,310.61
1765191749.4868782,3.11,310.71
1765191749.4976628,3.11,310.81
1765191749.5084233,3.11,310.91
1765191749.519501,3.11,311.01
1765191749.5302632,3.11,311.11
1765191749.5411797,3.11,311.21
1765191749.5520055,3.11,311.31
1765191749.562603,3.11,311.41
1765191749.5736117,3.11,311.51
1765191749.5845425,3.12,311.61
1765191749.595256,3.12,311.71
1765191749.6059654,3.12,311.81
1765191749.6169386,3.12,311.91
1765191749.6277926,3.12,312.01
1765191749.638542,3.12,312.11
1765191749.648865,3.12,312.21
1765191749.6598344,3.12,312.31
1765191749.6708221,3.12,312.41
1765191749.6818242,3.12,312.51
1765191749.6924534,3.13,312.61
1765191749.7034512,3.13,312.71
1765191749.7143383,3.13,312.81
1765191749.7251756,3.13,312.91
1765191749.7359242,3.13,313.01
1765191749.7467363,3.13,313.11
1765191749.7577746,3.13,313.21
1765191749.7687263,3.13,313.31
1765191749.779388,3.13,313.41
1765191749.7903135,3.13,313.51
1765191749.8011603,3.14,313.61
1765191749.8116786,3.14,313.71
1765191749.8227248,3.14,313.81
1765191749.8337579,3.14,313.91
1765191749.8439913,3.14,314.01
1765191749.854855,3.14,314.11
1765191749.8656976,3.14,314.21
1765191749.876533,3.14,314.31
1765191749.887425,3.14,314.41
1765191749.8981948,3.14,314.51
1765191749.909294,3.15,314.61
1765191749.9200504,3.15,314.71
1765191749.9308798,3.15,314.81
1765191749.941828,3.15,314.91
1765191749.9526024,3.15,315.01
1765191749.963284,3.15,315.11
1765191749.9745247,3.15,315.21
1765191749.9851985,3.15,315.31
1765191749.9960454,3.15,315.41
1765191750.0068347,3.15,315.51
1765191750.0177886,3.16,315.61
1765191750.0282931,3.16,315.71
1765191750.039434,3.16,315.81
1765191750.0497837,3.16,315.91
1765191750.0608451,3.16,316.01
1765191750.071381,3.16,316.11
1765191750.0827165,3.16,316.21
1765191750.0934052,3.16,316.31
1765191750.1042798,3.16,316.41
1765191750.1151059,3.16,316.51
1765191750.125586,3.17,316.61
1765191750.1369143,3.17,316.71
1765191750.147533,3.17,316.81
1765191750.1587336,3.17,316.91
1765191750.1694162,3.17,317.01
1765191750.1802855,3.17,317.11
1765191750.1911108,3.17,317.21
1765191750.2019887,3.17,317.31
1765191750.2126634,3.17,317.41
1765191750.2235985,3.17,317.51
1765191750.234415,3.18,317.61
1765191750.2448077,3.18,317.71
1765191750.255527,3.18,317.81
1765191750.266506,3.18,317.91
1765191750.2774134,3.18,318.01
1765191750.2882571,3.18,318.11
1765191750.2994082,3.18,318.21
1765191750.3099616,3.18,318.31
1765191750.3210113,3.18,318.41
1765191750.3318522,3.18,318.51
1765191750.3424034,3.19,318.61
1765191750.3536224,3.19,318.71
1765191750.3642452,3.19,318.81
1765191750.375206,3.19,318.91
1765191750.3860106,3.19,319.01
1765191750.3969622,3.19,319.11
1765191750.4077187,3.19,319.21
1765191750.4186132,3.19,319.31
1765191750.429312,3.19,319.41
1765191750.4402065,3.19,319.51
1765191750.4506397,3.2,319.61
1765191750.4615982,3.2,319.71
1765191750.4725888,3.2,319.81
1765191750.4836597,3.2,319.91
1765191750.4943783,3.2,320.01
1765191750.505337,3.2,320.11
1765191750.5157394,3.2,320.21
1765191750.5268764,3.2,320.31
1765191750.5377934,3.2,320.41
1765191750.5484397,3.2,320.51
1765191750.5590208,3.21,320.61
1765191750.5702283,3.21,320.71
1765191750.580833,3.21,320.81
1765191750.5914853,3.21,320.91
1765191750.6028547,3.21,321.01
1765191750.6132472,3.21,321.11
1765191750.624594,3.21,321.21
1765191750.6351767,3.21,321.31
1765191750.6457052,3.21,321.41
1765191750.656604,3.21,321.51
1765191750.6674206,3.22,321.61
1765191750.678318,3.22,321.71
1765191750.6893961,3.22,321.81
1765191750.7001255,3.22,321.91
1765191750.7110355,3.22,322.01
1765191750.7217493,3.22,322.11
1765191750.7327142,3.22,322.21
1765191750.7432098,3.22,322.31
1765191750.7545838,3.22,322.41
1765191750.7651854,3.22,322.51
1765191750.775537,3.23,322.61
1765191750.7869728,3.23,322.71
1765191750.797383,3.23,322.81
1765191750.8084998,3.23,322.91
1765191750.819338,3.23,323.01
1765191750.8301935,3.23,323.11
1765191750.8411934,3.23,323.21
1765191750.8514998,3.23,323.31
1765191750.8622887,3.23,323.41
1765191750.8734856,3.23,323.51
1765191750.8842373,3.24,323.61
1765191750.8951523,3.24,323.71
1765191750.905907,3.24,323.81
1765191750.9168656,3.24,323.91
1765191750.9275525,3.24,324.01
1765191750.9385471,3.24,324.11
1765191750.9493544,3.24,324.21
1765191750.959841,3.24,324.31
1765191750.97099,3.24,324.41
1765191750.981825,3.24,324.51
1765191750.9923787,3.25,324.61
1765191751.0036182,3.25,324.71
1765191751.0142515,3.25,324.81
1765191751.02559,3.25,324.91
1765191751.0360053,3.25,325.01
1765191751.0465467,3.25,325.11
1765191751.057429,3.25,325.21
1765191751.068452,3.25,325.31
1765191751.0791876,3.25,325.41
1765191751.0902915,3.25,325.51
1765191751.1011486,3.26,325.61
1765191751.1119235,3.26,325.71
1765191751.1226652,3.26,325.81
1765191751.1336288,3.26,325.91
1765191751.1439536,3.26,326.01
1765191751.1549478,3.26,326.11
1765191751.165681,3.26,326.21
1765191751.1767979,3.26,326.31
1765191751.187842,3.26,326.41
1765191751.1984015,3.26,326.51
1765191751.2090867,3.27,326.61
1765191751.220411,3.27,326.71
1765191751.231036,3.27,326.81
1765191751.2417147,3.27,326.91
1765191751.2522857,3.27,327.01
1765191751.2631452,3.27,327.11
1765191751.2743845,3.27,327.21
1765191751.285353,3.27,327.31
1765191751.296033,3.27,327.41
1765191751.3067923,3.27,327.51
1765191751.3177037,3.28,327.61
1765191751.3285801,3.28,327.71
1765191751.339243,3.28,327.81
1765191751.350393,3.28,327.91
1765191751.3609877,3.28,328.01
1765191751.3720007,3.28,328.11
1765191751.3824782,3.28,328.21
1765191751.3933682,3.28,328.31
1765191751.4044864,3.28,328.41
1765191751.415328,3.28,328.51
1765191751.4260492,3.29,328.61
1765191751.4371383,3.29,328.71
1765191751.4473746,3.29,328.81
1765191751.4586775,3.29,328.91
1765191751.469157,3.29,329.01
1765191751.4801483,3.29,329.11
1765191751.4912355,3.29,329.21
1765191751.5019176,3.29,329.31
1765191751.5126534,3.29,329.41
1765191751.5235765,3.29,329.51
1765191751.5343196,3.3,329.61
1765191751.5453026,3.3,329.71
1765191751.556095,3.3,329.81
1765191751.5671136,3.3,329.91
1765191751.577745,3.3,330.01
1765191751.5887923,3.3,330.11
1765191751.5994456,3.3,330.21
1765191751.6103168,3.3,330.31
1765191751.6211207,3.3,330.41
1765191751.631862,3.3,330.51
1765191751.642629,3.31,330.61
1765191751.653194,3.31,330.71
1765191751.6640372,3.31,330.81
1765191751.6750207,3.31,330.91
1765191751.6863005,3.31,331.01
1765191751.6967862,3.31,331.11
1765191751.7084029,3.31,331.21
1765191751.7184687,3.31,331.31
1765191751.7294872,3.31,331.41
1765191751.7402432,3.31,331.51
1765191751.751257,3.32,331.61
1765191751.7619984,3.32,331.71
1765191751.7729452,3.32,331.81
1765191751.7837842,3.32,331.91
1765191751.7945933,3.32,332.01
1765191751.8054407,3.32,332.11
1765191751.8162365,3.32,332.21
1765191751.8269763,3.32,332.31
1765191751.8380508,3.32,332.41
1765191751.8482075,3.32,332.51
1765191751.8592265,3.33,332.61
1765191751.869895,3.33,332.71
1765191751.8812468,3.33,332.81
1765191751.8922384,3.33,332.91
1765191751.903046,3.33,333.01
1765191751.913682,3.33,333.11
1765191751.9243853,3.33,333.21
1765191751.9354665,3.33,333.31
1765191751.94612,3.33,333.41
1765191751.9570298,3.33,333.51
1765191751.9678128,3.34,333.61
1765191751.9786646,3.34,333.71
1765191751.9891942,3.34,333.81
1765191752.0001538,3.34,333.91
1765191752.0106995,3.34,334.01
1765191752.022014,3.34,334.11
1765191752.0328188,3.34,334.21
1765191752.0435543,3.34,334.31
1765191752.053967,3.34,334.41
1765191752.0650651,3.34,334.51
1765191752.0759084,3.35,334.61
1765191752.0871272,3.35,334.71
1765191752.0975368,3.35,334.81
1765191752.1089504,3.35,334.91
1765191752.119189,3.35,335.01
1765191752.1301868,3.35,335.11
1765191752.1412694,3.35,335.21
1765191752.1522262,3.35,335.31
1765191752.16288,3.35,335.41
1765191752.1737895,3.35,335.51
1765191752.184618,3.36,335.61
1765191752.1951835,3.36,335.71
1765191752.2061293,3.36,335.81
1765191752.2169821,3.36,335.91
1765191752.2277856,3.36,336.01
1765191752.2387228,3.36,336.11
1765191752.2490797,3.36,336.21
1765191752.259962,3.36,336.31
1765191752.2706587,3.36,336.41
1765191752.2819686,3.36,336.51
1765191752.2926779,3.37,336.61
1765191752.3038647,3.37,336.71
1765191752.314602,3.37,336.81
1765191752.3252342,3.37,336.91
1765191752.3363085,3.37,337.01
